2782 4568
1077 310 1103 344 Α.
1115 309 1138 345 C.
1151 308 1195 345 nt.

163 322 207 394 50
568 326 606 388 T·
642 324 780 390 [ΝΠ
1077 363 1136 405 nc.
1150 367 1195 411 su.

161 444 337 543 perlatus,
365 456 399 511 et
425 442 600 536 punicum
627 442 774 540 insuper
801 443 927 539 gallico
953 441 1050 514 bello
1074 460 1222 515 auctum

158 563 278 628 Patres
299 567 533 648 acceperunt,
552 557 589 622 C.
607 552 750 622 Atilium
774 568 964 649 praetorem
981 578 1064 623 cum
1083 579 1156 624 una
1172 556 1221 626 le·

160 669 265 761 gione
278 673 460 750 romana¹,
474 677 508 732 et
525 663 688 757 quinque
700 662 858 733 millibus
868 664 1066 751 sociorum,
1078 663 1223 736 delectu

87 796 89 801 ’
159 800 255 846 novo
288 799 308 842 a
338 773 486 843 consule
514 774 746 868 conscriptis,
771 774 943 843 auxilium
968 771 1061 844 ferre
1086 775 1221 846 Manlio

156 887 311 983 jubent:
332 885 394 980 qui
418 884 494 953 sine
520 881 595 952 ullo
620 884 815 953 certamine
838 883 1101 978 (abscesserant
1123 885 1222 954 enim

158 1011 258 1068 metu
280 993 423 1088 hostes)
441 999 619 1063 'sanetum
640 994 821 1089 pervenit.
837 998 880 1062 Et
903 999 939 1063 P.
956 989 1164 1081 Cornelius,
1183 997 1222 1066 in

158 1108 279 1178 locum
307 1105 408 1198 ejus,
438 1130 517 1200 quae
544 1105 650 1174 missa
672 1129 754 1173 curn
778 1120 931 1200 praetore
957 1103 1092 1191 fuerat,
1121 1121 1222 1177 tran-

60 1245 62 1249 ·
158 1219 291 1314 scripta
315 1216 458 1312 legione
489 1240 601 1299 nova,
630 1213 814 1310 profectus
842 1214 887 1285 ab
918 1215 1011 1286 urbe
1040 1219 1223 1313 sexaginta

155 1327 273 1424 longis
300 1323 496 1410 navibus2,
519 1337 649 1419 praeter
670 1350 769 1395 oram
789 1327 937 1396 Etruriae
959 1328 1222 1423 Ligurumque,

158 1450 194 1506 et
218 1434 303 1504 inde
326 1433 471 1528 Salyum
497 1446 639 1503 montes
654 1429 681 1520 ³,
701 1436 865 1530 pervenit
886 1436 1094 1524 Massiliam,
1119 1436 1223 1507 etad

156 1546 361 1641 proximum
385 1544 517 1612 ostium
541 1540 732 1612 Rhodani-'⁴
753 1544 944 1640 (pluribus
968 1548 1066 1616 enim
1089 1546 1223 1618 divisus

156 1656 272 1725 amnis
294 1656 332 1723 in
354 1677 451 1723 mare
475 1651 658 1748 decurrit)
684 1667 798 1722 castra
817 1655 940 1724 locat:
967 1655 1115 1726 vixdum
1140 1658 1223 1726 satis

156 1765 331 1850 credens,
359 1760 598 1833 Hannibalem
630 1786 815 1857 superasse
846 1767 1033 1858 Pyrenaeos
1067 1779 1221 1835 montes

158 1878 277 1965 Quem
303 1886 344 1942 ut
371 1872 416 1942 de
441 1871 609 1942 Rhodani
634 1895 782 1967 quoque
810 1871 961 1940 transitu
987 1872 1118 1966 agitare
1146 1874 1223 1942 ani-

157 1985 366 2070 madvertit,
383 1985 561 2070 incertus,
578 2006 739 2078 quonam
754 1983 787 2051 ei
802 1981 884 2051 loco
900 1995 1122 2062 occurreret,
1140 2006 1223 2054 nec·

158 2095 244 2164 dum
268 2094 351 2163 satis
371 2090 512 2162 refectis
533 2091 578 2162 ab
594 2092 789 2185 jactatione
811 2085 1015 2160 maritima5
1033 2089 1223 2181 militibus,

157 2218 340 2276 trecentos
355 2203 498 2273 interim
515 2201 674 2272 delectos
690 2203 847 2298 equites,
865 2200 1017 2271 ducibus
1031 2203 1224 2272 Massilien-

158 2314 256 2385 sibus
284 2328 319 2383 et
349 2312 580 2383 auxiliaribus
607 2312 738 2400 Gallis,
764 2310 809 2381 ad
837 2312 1057 2408 exploranda
1083 2314 1223 2400 omnia,

158 2421 399 2517 visendosque
419 2448 463 2492 ex
482 2436 563 2491 tuto
583 2422 707 2492 hostes
725 2422 919 2518 praemittit.
942 2419 1139 2509 Hannibal,
1159 2446 1223 2491 cae·

95 2623 96 2626 ¹
158 2534 242 2603 teris
265 2545 364 2601 metu
385 2544 446 2600 aut
470 2532 587 2628 pretio
608 2533 759 2628 pacatis,
776 2531 851 2624 jam
873 2533 911 2600 in
926 2531 1118 2601 Volcarum
1138 2554 1223 2625 per-

64 2674 66 2678 >
159 2654 304 2710 venerat
328 2664 473 2736 agrum,
499 2641 615 2736 gentis
638 2640 764 2710 validae
776 2637 802 2708 ⁶.
831 2641 965 2712 Colunt
987 2655 1108 2710 autem
1130 2641 1224 2712 circa

192 2810 357 2857 cmxxvi
368 2824 389 2856 1.
400 2810 454 2855 Una
461 2808 666 2873 legioaeromaua
711 2810 795 2856 confer
811 2809 873 2856 Plin.
889 2812 942 2867 ΙΙΙ,
962 2817 990 2867 4,
1006 2825 1048 2856 seu
1065 2808 1093 2866 5,
1103 2819 1128 2856 et
1143 2809 1222 2857 strab.

156 2889 230 2936 altera
244 2903 338 2944 earum,
352 2903 406 2948 quae
419 2887 530 2951 Scipioni
543 2898 611 2934 erant
624 2888 666 2935 da·
713 2890 759 2945 IV,
775 2889 829 2952 1,§
843 2890 872 2946 8,
885 2905 911 2950 p.
928 2889 985 2935 183.

157 2979 187 3014 tae
198 2965 265 3032 (vide
282 2964 313 3011 ad
325 2981 378 3028 cap.
391 2965 432 3028 17)
447 2981 453 3013 :
467 2966 533 3013 unde
549 2966 573 3012 in
590 2967 668 3012 lacurn
748 2967 772 3014 5.
782 2967 821 3013 Ab
827 2966 965 3030 jactatione
974 2966 1112 3023 maritima,
1125 2967 1223 3014 navium

157 3045 209 3110 ejus
217 3044 363 3106 transcripta
377 3042 517 3107 (translata,
530 3045 668 3103 substituta,

157 3140 224 3175 novo
244 3123 340 3170 delectu
356 3121 459 3179 habito,
481 3122 529 3168 nisi
546 3123 593 3186 leg.
611 3139 668 3169 con-

157 3203 260 3267 scripta,
276 3203 315 3249 vel
325 3199 426 3264 scripta)
436 3199 498 3264 legio
508 3217 579 3247 nora.

193 3300 217 3330 a.
229 3280 355 3345 Profectus
367 3280 398 3326 ub
410 3279 472 3325 Urbe
484 3281 529 3326 LX
541 3280 618 3344 longis
626 3296 669 3326 na·

158 3362 223 3411 ribus
232 3360 308 3424 (conf.
318 3360 350 3406 ad
358 3375 412 3421 cap.
427 3373 467 3417 17,
478 3374 505 3405 n.
518 3357 557 3421 5),
567 3375 617 3405 non
627 3359 668 3406 iti·

159 3458 216 3488 nere
233 3438 350 3505 pedestri.
370 3436 441 3484 Idem
459 3437 534 3483 tradit
551 3438 668 3500 l’olybius

60 3520 62 3524 ⁴
160 3523 264 3578 111,41.

196 3601 219 3644 3.
232 3596 331 3658 Salyum
345 3603 451 3654 montem
466 3591 521 3639 vide
535 3592 566 3639 ad
573 3594 604 3651 V,
621 3596 667 3651 34,

158 3694 182 3724 n.
203 3691 231 3734 7,
249 3684 274 3721 et
291 3672 375 3721 confer
391 3670 549 3729 Strabonem,
565 3673 614 3731 lV,
639 3687 667 3729 r,

177 3787 183 3800 .
202 3769 212 3798 1
238 3768 260 3798 1.

158 3771 175 3817 p
194 3753 275 3885 t.8Ad
279 3827 420 3891 proximum
435 3827 522 3875 ostium
538 3827 664 3884 Rhodani,

55 3918 65 3935 ‘
156 3910 183 3960 τὸ
198 3908 403 3959 Maesuliorum
420 3906 487 3970 apud
505 3906 593 3970 Polyb.
613 3909 666 3963 ΙΙΙ,

155 3996 196 4043 41.
206 3990 243 4034 De
254 3987 323 4032 ostiis
334 3986 495 4043 Rhodaui,in
507 3985 618 4032 aestuario
628 3985 664 4032 di·

155 4068 225 4124 visis,
238 4080 373 4130 parvasque
386 4064 547 4113 formantibus
560 4063 664 4123 insulas,

712 3047 737 3092 in
748 3045 820 3103 mari,
832 3061 885 3106 quae
897 3056 921 3091 et
933 3045 1074 3108 fatigaverat
1085 3045 1188 3104 milites,
1199 3058 1223 3094 et

712 3140 826 3171 nauseam
838 3124 869 3169 iis
884 3135 1013 3171 creaverat.
1025 3124 1116 3173 Confer
1125 3124 1157 3170 ad
1169 3140 1222 3188 cap.

713 3205 755 3260 48,
762 3219 787 3250 n.
800 3203 823 3250 5.
831 3230 866 3238 -
875 3204 1001 3249 Trecentos
1010 3203 1113 3250 delectos
1122 3202 1221 3265 equites,

712 3283 794 3331 CCCC
811 3283 873 3330 Mss
886 3282 953 3330 Harl.
969 3293 992 3328 et
1004 3281 1092 3346 Polyb.
1108 3283 1157 3339 111,
1174 3289 1223 3340 41;

713 3378 744 3408 ex
760 3377 809 3423 quo
828 3361 900 3407 etiam
918 3361 1018 3407 ducibus
1036 3359 1223 3418 Massiliensium

713 3439 876 3486 auxiliaribus
890 3440 967 3486 Gallis
981 3439 1072 3499 conjici
1085 3453 1158 3502 posse
1170 3453 1222 3485 mo-

712 3528 755 3563 net
768 3517 841 3562 Drak.

748 3596 772 3641 6.
782 3597 812 3639 In
822 3595 952 3642 Volcarum
962 3611 1061 3658 agrum,
1071 3594 1149 3658 gentis
1157 3595 1224 3644 vall·

712 3673 766 3728 ἄτῃ·
776 3673 829 3719 noti
842 3674 922 3719 Volcae
936 3675 1077 3737 Tectosages
1087 3684 1112 3719 et
1124 3675 1151 3718 V.
1161 3675 1224 3720 Are·
1291 3714 1294 3721 .

711 3750 809 3807 cornici,
824 3767 865 3797 seu
878 3752 1012 3798 Aricomici
1026 3762 1051 3797 et
1064 3749 1222 3800 Aricomis'ci.

711 3829 812 3876 Illorum
825 3829 917 3893 oppida
930 3830 1013 3877 Narbo
1027 3827 1131 3874 Martius
1145 3826 1222 3892 (hod.

709 3907 868 3971 Narbonae),
877 3908 965 3954 Tolosa
975 3904 1064 3971 (hodie
1076 3906 1224 3970 Toulouse),

709 3988 828 4043 Leucato,
837 3988 997 4042 Carcasso,et
1005 4018 1012 4043 ,
1020 3999 1073 4047 cap.
1084 3993 1118 4040 at,
1128 4000 1223 4035 memo·

709 4076 774 4123 rata,
784 4065 888 4113 Illiberis
901 4075 925 4113 et
936 4063 1045 4112 Ruscino
1056 4076 1062 4111 :
1076 4061 1165 4112 horum
1175 4065 1223 4113 Ne·
