2782 4568
1102 270 1127 308 Α.
1140 267 1163 308 G.
1177 269 1222 309 216.

193 292 262 376 248
614 294 652 359 T.
677 292 819 360 LIVII
1101 328 1163 369 Μ
1176 331 1223 370 ns.

190 437 263 508 que
279 409 432 497 consuli,
447 425 504 498 nt,
523 435 637 506 quum
651 413 795 508 praetori
814 411 1009 480 exercitum
1024 407 1248 499 tradidisset,

188 524 308 621 primo
321 547 469 618 quoque
480 536 843 620 tempore,quantum
858 546 922 617 per
934 519 1165 591 commodum
1181 523 1247 591 rei-

188 632 342 730 publicae
367 630 446 702 fieri
469 646 589 728 posset
602 642 629 718 ²,
652 637 802 700 Romam
825 631 971 699 veniret.
993 630 1122 698 Territi
1141 631 1246 699 etiam

185 766 296 840 super
310 756 426 813 tantas
440 741 571 826 clades,
581 766 696 838 quum
708 743 841 811 caeteris
856 740 1042 837 prodigiis,
1053 752 1131 809 tum
1146 738 1247 836 quod

187 851 267 923 duae
278 852 436 924 Vestales
451 878 495 923 eo
510 877 624 940 anuo,
644 852 785 949 Opimia
804 865 911 947 atque
931 848 1112 932 Floronia,
1130 849 1247 945 stupri

186 978 397 1060 compertae,
415 979 450 1034 et
465 963 576 1034 altera
593 962 790 1050 subterra,
807 976 846 1030 ut
863 985 942 1030 mos
959 975 1031 1045 est,
1045 958 1087 1032 ud
1104 973 1245 1056 portam

187 1073 365 1144 Collinam
383 1087 508 1144 necata
530 1071 669 1160 fuerat,
695 1073 804 1142 altera
830 1069 972 1141 sibimet
995 1072 1070 1167 ipsa
1091 1083 1245 1140 mortem

186 1185 417 1254 consciverat.
436 1187 475 1253 L.
490 1182 683 1269 Cantilius,
697 1179 811 1251 scriba
825 1177 1024 1277 pontificis,
1039 1201 1137 1274 quos·
1147 1201 1245 1261 niano

185 1294 343 1365 minores
362 1289 552 1390 pontifices
570 1291 753 1389 appellant
763 1287 790 1381 ³,
808 1292 871 1387 qui
890 1314 972 1360 cum
989 1288 1155 1359 Floronia
1169 1302 1243 1358 ειιι-Ι

182 1497 281 1548 bueude
294 1484 502 1564 dispungenda,
512 1514 585 1562 ιῙιιιιιιι
597 1497 666 1563 plura
679 1513 693 1544 a
738 1513 792 1556 ces,
805 1513 819 1544 a
836 1496 901 1544 Sulla
915 1497 963 1544 illis
976 1496 1099 1556 adjectos,
1117 1494 1159 1542 sed
1173 1494 1245 1558 plane

183 1576 290 1626 librariis
310 1579 398 1626 omisso
417 1588 441 1626 et
463 1577 605 1633 inscrenda,
625 1576 693 1640 quod
737 1591 787 1623 non
800 1576 945 1639 pertinuisse
959 1574 990 1621 ad
1003 1575 1130 1638 collegium
1144 1571 1244 1637 pontifi-

182 1655 325 1705 Grouovius
339 1657 483 1720 suspicatur,
497 1655 647 1703 crediderim.
662 1658 693 1702 Iu
737 1671 805 1713 cum,
815 1655 883 1718 quod
893 1654 992 1719 proprie
1001 1653 1101 1701 dicatur.
1112 1655 1149 1699 Ex
1159 1662 1243 1699 nostro

182 1734 306 1800 plerisque
320 1736 382 1785 MSS
397 1735 486 1799 legitur
501 1732 575 1782 literis
589 1734 692 1781 consulis
736 1733 792 1781 loco
809 1733 850 1781 hic
869 1734 977 1797 colligit,
994 1733 1085 1780 scribas
1098 1732 1172 1795 ponti
1189 1747 1243 1779 crim

178 1814 341 1879 praetorisque
354 1815 403 1878 Ap.
416 1813 558 1869 Claudium,
571 1813 597 1859 in
609 1813 692 1860 multis
736 1813 799 1859 Livii
821 1813 971 1877 temporibus
989 1810 1118 1879 pontifices
1141 1810 1243 1857 minores

181 1907 233 1940 uon
244 1892 290 1939 nisi
298 1893 410 1954 praetoris
420 1908 490 1957 quem
502 1893 547 1955 Ap.
556 1891 690 1938 Claudium.
735 1893 884 1955 appellatum
897 1892 939 1938 ille
954 1908 1024 1948 vero,
1034 1890 1093 1937 olim
1103 1905 1180 1936 unum
1190 1901 1243 1939 tsn-¹

181 1969 249 2018 Hinc
258 1971 321 2018 forte
329 1971 510 2034 leg.proetorem
520 1970 602 2034 itaque
610 1969 691 2017 rsuram
735 1982 786 2018 tum
795 1972 866 2019 talem
878 1970 980 2019 scribam
990 1967 1178 2034 pontificemque
1187 1969 1244 2024 fuis·

181 2060 224 2096 sut
232 2049 353 2112 placitum
364 2049 412 2113 (sc.
422 2048 534 2097 Patribus
544 2048 591 2111 est)
607 2051 641 2096 M.
651 2049 691 2096 vel
735 2066 774 2107 se,
792 2062 924 2114 posteaque
942 2061 1039 2097 auctum
1060 2065 1198 2106 numerum,
1217 2060 1242 2097 et

181 2127 230 2192 Ap.
247 2128 388 2185 Claudium,
403 2139 448 2177 etc.
467 2132 496 2176 In
513 2128 566 2176 solo
582 2131 690 2177 Put.'est
734 2138 782 2176 tres
794 2130 921 2177 memorari
934 2147 947 2176 a
961 2129 1079 2179 Cicerone
1093 2128 1123 2175 de
1136 2130 1241 2191 Harusp.

180 2206 304 2254 Marcium
320 2207 460 2265 Claudium,
476 2208 503 2255 in
519 2209 612 2256 steteris
626 2209 689 2256 MSS
733 2225 796 2272 resp.
809 2227 830 2257 c.
846 2206 875 2269 ὂς
888 2211 915 2256 in
930 2210 987 2257 loco
1002 2219 1082 2257 autem
1096 2207 1201 2271 Capitol.
1214 2207 1241 2252 in

153 2288 157 2294 ’
180 2285 377 2348 Ap.CIaudium.
732 2289 798 2351 Opil.
814 2288 941 2347 Macriuo,
959 2305 1012 2352 cap.
1029 2303 1053 2346 7,
1072 2302 1145 2350 quum
1161 2285 1241 2332 scriba

216 2379 241 2412 a.
261 2366 384 2426 Quantum
396 2382 443 2429 per
460 2367 612 2414 commodum
628 2367 686 2430 reip.
727 2366 872 2434 pontficum
882 2377 955 2423 esset,
968 2383 1027 2431 quos
1037 2365 1109 2413 bodie
1112 2365 1241 2431 pontifices

174 2442 235 2510 fieri
245 2455 344 2505 posset;
358 2444 414 2492 vide
427 2445 458 2492 ad
469 2448 502 2504 V,
516 2462 562 2503 ra,
579 2463 605 2493 n.
617 2448 646 2503 6,
663 2455 687 2491 et
731 2445 835 2492 minores
848 2458 953 2502 vocant,
969 2456 1107 2510 suspectum
1122 2460 1174 2492 esse
1184 2460 1239 2492 roc.

177 2521 271 2578 ΠΗ,
287 2537 328 2579 12,
347 2539 373 2571 n.
389 2524 413 2569 8.
431 2551 466 2558 -
486 2525 546 2570 Dnae
563 2524 684 2578 Vestales,
730 2522 809 2572 bodie.
824 2525 896 2573 Conf.
910 2525 1021 2574 Maoroh.
1036 2527 1085 2572 Sat.
1098 2525 1125 2580 1,
1139 2523 1183 2581 15,
1198 2522 1240 2569 ubi

178 2598 257 2661 stupri
275 2611 403 2662 compertce
422 2597 489 2664 (vid.
498 2601 530 2647 ad
541 2602 604 2659 VII,
618 2610 647 2658 4,
663 2618 686 2647 n.
725 2601 840 2667 pontifex
850 2602 929 2649 minor
934 2605 983 2662 jam
988 2602 1076 2666 priscis
1085 2601 1236 2666 temporibus,

176 2673 218 2739 a),
228 2677 341 2724 etaltera
351 2677 394 2724 sub
406 2689 483 2734 terra,
496 2691 523 2745 ut
533 2696 584 2726 mos
595 2691 640 2735 cst,
652 2681 689 2726 ad
730 2681 800 2743 eique
808 2682 859 2729 haec
866 2683 992 2746 provincia
999 2683 1123 2741 tribuitur,
1133 2693 1159 2728 ut
1168 2697 1238 2728 novae

171 2765 274 2817 portam
291 2755 410 2802 Collinam
422 2767 510 2804 necata
515 2756 618 2821 flueren,-
629 2759 685 2805 vide
729 2759 792 2806 luuae
801 2762 907 2824 primum
916 2761 1056 2810 observaret
1062 2760 1239 2824 aspectum,vi·

176 2832 209 2879 ad
219 2834 257 2890 ΙΙ,
270 2841 300 2887 42
311 2867 318 2891 ,
329 2850 353 2880 n.
368 2850 407 2880 11.
416 2835 464 2880 Sub
473 2846 565 2882 terram
578 2836 685 2900 (scilicet
729 2854 778 2885 sam
793 2841 843 2902 regi
857 2839 993 2889 sacrificulo
1008 2842 1143 2901 nuntiaret,
1153 2850 1189 2899 et,
1202 2856 1238 2886 sa-

175 2909 293 2975 demissa)
304 2912 357 2969 alii,
368 2925 394 2960 ut
404 2925 428 2960 et
438 2930 496 2961 mox
505 2915 603 2978 quidam
612 2917 683 2964 libri:
729 2915 822 2964 orificio
840 2936 896 2966 cum
912 2936 941 2968 eo
959 2919 1095 2978 celebrato,
1111 2936 1237 2966 numerum

172 2988 265 3053 infirm
278 2989 364 3038 boario
373 2992 417 3038 sub
429 3002 518 3038 terram
527 2994 578 3040 vivi
589 2995 687 3043 demissi
729 2995 836 3055 dierum,
848 3001 890 3061 qui
904 3016 918 3045 a
930 2999 1047 3046 Kalendis
1059 2999 1089 3046 ad
1104 2999 1188 3045 Nonas
1201 3015 1237 3047 su-

173 3079 230 3116 sunt
248 3069 272 3116 in
290 3071 368 3116 locum
385 3085 448 3117 saxo
469 3082 621 3134 conseptum,
637 3074 683 3121 im·
727 3077 978 3137 peresseut‚lralando
993 3077 1115 3142 proderet.
1130 3079 1236 3141 Scrupu-

170 3147 292 3211 probaute
304 3148 467 3212 Dukero,qui
476 3150 593 3212 J'ungitin
605 3152 683 3199 Iocum
726 3151 777 3204 lum
797 3165 878 3209 tamen
898 3156 958 3202 mihi
976 3156 1090 3217 injiciunt
1110 3167 1161 3203 tum
1182 3157 1234 3220 ipsa

171 3226 216 3274 sub
227 3238 305 3282 terra,
316 3227 340 3274 h.
352 3244 373 3273 e.
388 3226 579 3279 subterraneum.
593 3230 683 3278 Confer
725 3231 767 3278 illa
778 3234 909 3296 appellatio
920 3234 1038 3299 (scribam
1048 3235 1099 3282 scil.
1110 3233 1235 3298 pontificis

172 3313 254 3352 umen
265 3316 289 3352 et
301 3305 332 3352 ad
340 3306 415 3365 VIII,
427 3307 467 3364 15,
480 3323 504 3354 u.
517 3309 540 3354 6.
725 3323 838 3360 vocatum
855 3329 905 3360 esse
923 3313 1080 3377 pontificem,
1096 3315 1141 3361 etsi
1155 3314 1235 3362 mino-

207 3383 231 3430 3.
243 3386 270 3430 L.
282 3383 411 3442 Cantilius,
422 3385 501 3431 scriba
509 3386 682 3451 pontif‚quos
725 3389 807 3454 rem),
825 3403 877 3438 tum
895 3393 962 3455 quod
980 3394 1063 3440 Livius
1079 3393 1112 3441 ita
1133 3393 1235 3442 dixisset

171 3475 236 3507 nunc
249 3461 351 3521 minores
360 3463 488 3530 pontifices
501 3466 640 3528 appellant;
649 3468 681 3514 cs.
727 3468 853 3526 Cantilius,
861 3469 975 3536 pontifex
982 3473 1069 3529 minor,
1077 3485 1118 3519 aut
1128 3475 1234 3531 certe,si

172 3538 299 3587 Dukerurn
314 3539 345 3587 ad
361 3539 427 3595 hunc
444 3540 543 3601 locum,
556 3554 580 3589 et
596 3543 680 3592 Notis.
725 3547 753 3597 τὸ
766 3564 826 3611 qnos
837 3548 868 3594 ad
882 3565 967 3596 vocem
980 3551 1060 3597 scriba
1067 3586 1075 3609 ,
1090 3566 1141 3600 nou
1150 3553 1234 3615 ponti-

170 3615 203 3664 ed
216 3618 352 3682 Ceuotaph.
367 3618 415 3667 Pis.
427 3619 490 3667 Dies.
499 3623 523 3679 1,
538 3637 591 3685 cap.
603 3621 627 3680 5,
638 3625 680 3686 qui
716 3624 791 3691 ficis,
810 3627 943 3686 retulisset,
964 3629 1095 3687 Cantilius,
1109 3631 1182 3693 potiti
1200 3630 1233 3677 cis

169 3705 271 3759 putant,
284 3695 413 3763 pontifices
432 3697 535 3747 minores
554 3715 604 3747 non
622 3718 679 3764 qua·
723 3704 810 3750 scriba.
829 3705 893 3752 Mihi
909 3717 988 3755 totum
1008 3707 1069 3756 illud
1091 3725 1150 3772 quos
1168 3724 1232 3754 nnnc

169 3783 227 3823 tuor
244 3775 317 3822 fuisse
334 3775 459 3840 plebeios,
473 3793 535 3839 quos
550 3794 621 3842 supra
638 3781 678 3839 X,
723 3796 755 3827 m.
766 3797 792 3844 p.
808 3784 935 3846 appellant
950 3786 1054 3850 glossam
1071 3785 1180 3833 redolere
1194 3786 1231 3833 vi-

168 3849 201 3909 ⁶,
216 3851 317 3899 totidem
336 3855 445 3917 patriciis
464 3855 561 3916 additos
577 3857 678 3921 legimus
723 3858 804 3918 detur,
824 3863 907 3911 saltem
926 3865 954 3916 τὸ
977 3884 1037 3930 quos
1057 3865 1089 3913 ad
1105 3865 1231 3932 pontificis

169 3923 256 3998 (quod
273 3933 357 3979 statuit
371 3933 472 3982 Guther.
483 3937 532 3995 jur.
547 3937 638 3984 Pontis.
651 3941 676 3998 Ι,
721 3950 838 4002 spectare.
852 3943 925 3993 Cous.
936 3945 1053 3996 Schelleri
1065 3946 1123 3993 Lex.
1136 3955 1162 3995 et
1172 3946 1229 4006 Ern,

172 4005 288 4074 rma),
302 4025 381 4074 neque
391 4013 463 4063 etiam
474 4024 567 4080 septem
577 4014 677 4080 pontili-
721 4016 788 4068 OEav.
800 4017 851 4069 Cic.
