2782 4568
185 304 309 408 ,ἴςὲςςςξς
340 324 499 392 urana
528 326 673 392 xxm.
702 272 1085 392 οΑΡ.Χν1.ΧνΠ.
1152 350 1223 423 299
1263 364 1265 368 -

159 450 224 535 tit,
239 450 363 543 ¹jussos
387 471 542 544 propere
569 461 780 545 apparatum
802 471 949 518 omnem
969 449 1224 545 oppugnandae

159 559 261 630 urbis
282 561 320 643 in
336 560 488 656 primam
510 559 621 628 aciem
646 557 799 645 afferre3
819 559 902 628 satis
927 555 1062 646 fidens,
1081 559 1111 626 si
1132 582 1232 628 cun-

160 669 341 739 ctantibus
356 671 520 756 instaret,
535 669 732 739 tumultum
748 662 906 764 aliquem
921 669 958 737 in
973 665 1065 738 urbe
1079 667 1225 765 plebem

160 794 351 850 moturam.
363 785 460 850 Dum
471 782 509 850 in
525 805 587 850 sua
601 782 755 878 quisque
770 780 968 850 ministeria
981 777 1144 848 discursu
1159 793 1227 850 tre·

160 889 260 988 pidat
281 890 327 960 ad
347 893 461 987 prima
485 887 623 989 signa⁶‚
645 890 879 987 succeditque
898 888 943 959 ad
967 914 1092 959 muros
1110 890 1225 976 acies,

159 998 336 1097 patefacta
353 1017 504 1098 repente
522 1015 645 1098 porta,
661 1001 852 1071 Marcellus
871 1002 973 1098 signa
991 1023 1135 1087 canere,
1153 998 1225 1068 cla-

160 1135 373 1207 moremque
390 1111 483 1198 tolli,
501 1135 541 1181 ac
560 1110 698 1207 pedites
717 1112 896 1208 primurn,
913 1109 1045 1180 deinde
1066 1109 1225 1204 equiteS,

160 1236 299 1318 quanto
317 1223 473 1300 maximo
492 1235 639 1317 possent
654 1222 811 1317 impetu,
825 1221 864 1289 in
875 1219 1018 1289 hostem
1034 1241 1226 1315 erumpere

158 1329 274 1427 jubet.
292 1333 387 1401 Satis
396 1332 544 1401 terroris
558 1331 810 1426 tumultusque
825 1331 863 1399 in
879 1331 992 1400 aciem
1006 1326 1161 1397 mediam
1175 1327 1227 1395 in·

160 1445 337 1533 tulerant,
357 1469 471 1541 quum
490 1443 631 1514 duabus
650 1444 743 1515 circa
762 1443 876 1541 portis
895 1448 932 1513 P.
945 1440 1109 1513 Valerius
1127 1436 1227 1505 Flac·

161 1577 225 1624 cus
240 1568 276 1624 et
296 1559 335 1625 G.
358 1554 523 1624 Aurelius
541 1554 648 1652 legati
671 1556 709 1623 in
728 1577 864 1624 cornua
883 1551 1042 1622 hostium
1060 1571 1224 1645 erupere.

160 1662 342 1734 Addidere
369 1665 562 1745 clamorem
594 1665 673 1734 lixae
700 1665 938 1760 calonesque,
966 1677 1002 1734 et
1029 1661 1096 1731 alia
1121 1658 1230 1730 turba

162 1773 333 1843 custodiae
358 1776 703 1872 impedimentorum
731 1776 916 1873 apposita,
944 1788 985 1843 ut
1009 1773 1228 1869 paucitatem

160 1885 317 1953 maxime
326 1885 582 1982 spernentibus
591 1888 710 1956 Poenis
723 1886 879 1984 ingentis
889 1898 1040 1982 repente
1051 1883 1229 1953 exereitus

161 1996 317 2091 speciem
334 1993 495 2070 fecerint.
514 1997 582 2066 Vix
597 1997 764 2091 equidem
783 1998 896 2068 ausim
911 1993 1109 2079 affirmare,
1125 1989 1226 2088 quod

162 2103 308 2199 quidam
329 2118 494 2173 auctores
513 2117 597 2172 sunt
610 2114 636 2191 ⁷,
651 2103 726 2174 duo
740 2105 850 2173 millia
865 2121 901 2174 et
919 2105 1145 2198 octingentos
1162 2099 1227 2170 ho·
1268 2104 1271 2110 ’

161 2215 269 2283 stium
282 2237 409 2303 caes0s3
425 2239 501 2284 non
515 2213 597 2312 plus
612 2215 833 2311 quingentos
842 2219 1046 2283 Romanum
1060 2212 1227 2281 amisisse.

162 2326 242 2394 Sive
261 2338 380 2412 tanta,
394 2326 468 2394 sive
482 2326 603 2394 minor
616 2325 765 2394 victoria
777 2322 864 2411 fuit,
878 2325 1005 2418 ingens
1020 2347 1064 2392 eo
1079 2320 1137 2391 die
1151 2345 1226 2410 res,

163 2458 202 2503 ac
226 2435 368 2517 nesci0,
390 2459 435 2504 an
453 2434 610 2507 maxima
632 2435 695 2506 illo
714 2433 812 2504 bello
829 2447 927 2530 gesta
946 2434 991 2501 sit
1012 2458 1019 2499 :
1040 2455 1116 2501 non
1134 2431 1229 2500 vinci

163 2544 259 2615 enim
280 2542 325 2612 ub
346 2543 547 2615 Hannibale
567 2559 656 2615 tunc
676 2544 907 2616 vincentibus
931 2541 1111 2613 difficilius
1136 2539 1228 2631 luit,¹

163 2677 272 2749 quam
290 2667 415 2746 postea
428 2655 584 2724 vincere.

211 2761 1227 2863 XVlI.Hannibal,spepotiundaeNolaeadempta,quum
1297 2785 1302 2793 ‘

198 2967 223 3014 6.
240 2966 357 3031 Trepidat
372 2966 410 3013 ad
419 2966 503 3031 prima
519 2967 604 3032 sigm
617 2968 674 3015 vide
718 2970 776 3015 Non
792 2968 861 3017 vinci
879 2970 942 3016 enim
962 2971 993 3017 ab
1014 2969 1154 3018 Hannibale
1173 2979 1230 3015 tunc

163 3047 194 3094 ad
208 3050 256 3104 III,
268 3056 314 3109 49,
329 3047 354 3094 ri.
367 3055 391 3102 4.
405 3073 440 3083 —-
450 3046 526 3111 Signa
536 3061 638 3103 canem
648 3062 672 3093 v.
718 3047 842 3114 drfficilim
850 3047 918 3111 ficit,
933 3065 1007 3112 qnam
1016 3060 1118 3112 postea,
1131 3046 1230 3093 vincere

163 3126 196 3173 ad
209 3129 269 3183 vlt,
285 3135 331 3180 4ο,
344 3143 368 3173 ιι.
381 3133 405 3180 4.
557 3144 560 3148 “
717 3127 795 3175 illum.
803 3129 897 3183 Vocem
912 3139 980 3184 tunc,
999 3127 1039 3174 cui
1049 3137 1138 3190 postca
1151 3141 1230 3190 oppo-

199 3222 223 3266 7.
237 3206 310 3268 Quod
320 3205 422 3268 quidam
434 3216 546 3251 auctores
561 3215 619 3250 sunt
635 3202 672 3269 (v.
717 3207 798 3267 nitur,
812 3223 826 3254 e
843 3206 923 3254 tribus
937 3207 1000 3254 MSS
1013 3206 1095 3270 recepi
1111 3221 1166 3252 cum
1180 3207 1228 3252 Str.

163 3285 195 3333 ad
206 3287 242 3341 11,
256 3286 301 3336 58,
313 3303 337 3332 n.
348 3295 386 3343 r),
404 3284 452 3331 duo
467 3284 545 3331 millia
556 3295 581 3330 et
590 3283 675 3331 DCCC
718 3299 744 3336 et
757 3286 784 3336 τὸ
800 3286 952 3333 vincentibus
965 3284 1032 3350 (scil.
1045 3283 1176 3350 Romanis)
1190 3284 1230 3345 eji-

164 3361 267 3410 hosu'um
279 3381 365 3421 coesos,
378 3381 428 3411 non
434 3364 493 3427 plus
503 3365 527 3410 D
538 3365 674 3410 Romanum
718 3365 832 3412 ciendum
845 3375 915 3429 puto.
933 3366 1024 3414 Confer
1035 3365 1090 3411 Val.
1102 3365 1171 3411 Max.
1184 3364 1229 3420 tv,

165 3441 286 3490 amisisse:
298 3445 331 3490 ita
342 3447 387 3492 MS
400 3446 455 3490 Put.
465 3454 489 3490 et
497 3444 527 3492 al.
538 3443 587 3490 duo
596 3442 675 3490 miztia
721 3459 747 3502 1,
761 3460 784 3503 7,
797 3455 821 3492 et
833 3444 897 3492 Plut.
910 3444 927 3490 l.
937 3443 954 3490 l.
965 3444 1013 3490 Hic
1025 3443 1099 3502 dicit,
1112 3440 1227 3489 fiduciam

164 3530 190 3566 et
198 3531 313 3567 trecentos
322 3520 346 3570 t.
354 3539 390 3580 c.‚
405 3523 515 3586 nonplus
526 3539 574 3569 uno
585 3507 675 3571 doma·
719 3524 874 3586 animumque
892 3523 996 3570 crevisse
1015 3521 1147 3577 Romanis,
1161 3531 1231 3584 post-

143 3645 144 3648 ,
164 3615 209 3645 nos
218 3616 244 3646 a.
255 3599 311 3646 edd.
321 3611 375 3648 ante
387 3603 462 3651 Drak.
476 3606 554 3668 Supra
567 3603 676 3667 quinque
719 3618 792 3666 quam
807 3602 985 3658 intellexerint,
1001 3599 1163 3647 Hannibalem
1177 3615 1229 3647 non
1298 3635 1300 3638 ψ

163 3678 240 3725 millia
258 3678 367 3726 bostium
381 3697 456 3738 caesa,
475 3694 500 3730 et
512 3685 535 3729 D
550 3685 675 3729 Romanos
719 3697 770 3728 esse
788 3682 930 3730 invictum:
948 3681 1005 3740 ille,
1022 3679 1164 3726 Mmcellum
1185 3679 1229 3727 do·

165 3758 297 3817 cecidisse,
315 3758 390 3805 tradit
411 3760 474 3808 Plut.
493 3761 520 3807 in
538 3761 674 3820 Marcello,
719 3761 797 3807 cuisse
808 3761 928 3825 primum,
942 3771 966 3807 et
977 3758 1139 3807 Hannibalem
1150 3759 1231 3819 vinci,

165 3853 220 3900 pag.
233 3839 295 3897 304,
306 3837 348 3885 ubi
362 3839 435 3888 etiam
447 3852 545 3897 monet,
555 3842 675 3888 minorem
719 3851 743 3887 et
755 3842 885 3903 Syracusas
898 3840 953 3903 capi
965 3854 1045 3903 posse.
1061 3837 1184 3886 Hannibal
1193 3849 1230 3886 ta·

165 3931 283 3962 caesorum
300 3917 407 3965 hostium
426 3933 553 3965 numerum
571 3936 584 3966 a
603 3920 674 3968 Livio
717 3935 775 3966 men
787 3919 837 3978 jam
855 3930 940 3976 antea,
959 3929 984 3965 et
1000 3918 1063 3964 forte
1078 3915 1131 3973 bis,
1147 3913 1228 3965 victus

166 3996 301 4040 memorari.
317 4022 351 4030 —
363 3999 451 4059 Ingens
464 4013 491 4043 eo
505 3997 545 4044 die
558 4014 607 4054 res,
621 3999 673 4046 scil.
719 4009 777 4046 erat.
794 3999 865 4046 Conf.
880 3997 911 4044 ad
924 3997 1014 4044 librum
1029 3997 1106 4053 XXI,
1120 4012 1173 4060 cap.
1187 3997 1231 4063 571

165 4083 234 4136 gesta
248 4084 299 4131 est,·
313 4073 369 4123 ride
382 4075 413 4123 ad
424 4077 501 4135 XXI,
515 4077 562 4138 tt,
572 4093 597 4128 n.
610 4085 673 4134 4.-·
718 4089 743 4128 et
752 4077 797 4127 lib.
806 4079 897 4140 XXII,
907 4093 962 4143 cap.
974 4092 1017 4140 29.
