2782 4568
210 340 256 422 st
631 334 670 397 Τ.
703 333 795 399 ων
803 335 843 399 11
1122 321 1242 426 titt

207 490 223 525 a
237 459 498 538 humanorum,
512 448 605 532 fame
624 448 846 530 interficere:
862 449 962 539 licuit
981 455 1165 527 victricem
1185 461 1268 532 clas·

203 600 220 635 a
234 592 309 641 sem
324 568 362 635 in
372 561 525 634 Africam
539 561 716 654 trajicere,
727 573 837 656 atque
849 563 942 642 intra
955 587 1089 660 paucos
1100 565 1176 637 dies
1189 571 1266 644 sine

203 678 309 749 «ullo
324 674 518 756 certamine
532 669 786 767 Carthaginem
801 669 931 755 delere.
938 675 1088 745 Veniam
1101 675 1266 751 dedimus

202 819 218 854 «
233 783 484 888 precantibus3
509 783 692 867 emisimus
721 807 766 888 ert
793 781 1000 872 obsidione3
1028 811 1153 884 pacem
1180 814 1264 860 cum

199 930 215 964 a
229 899 331 982 victis
340 894 505 981 lecimus3
520 891 640 970 tutclae
652 891 784 978 deinde
793 908 925 979 nostrae
936 894 1139 987 duximust,
1148 925 1262 996 quum

198 1007 339 1079 «africo
353 1005 450 1076 bello
464 1017 691 1100 urgerentur.
703 1007 774 1079 Pro
785 1003 841 1075 his
851 1003 1074 1103 impartitis⁸,
1086 1006 1262 1081 furiosum

197 1150 214 1184 «
223 1120 394 1214 juvenem
417 1128 628 1210 sequentes,
651 1129 902 1210 oppugnatum
924 1120 1077 1213 patriam
1100 1134 1261 1191 nostram

195 1261 212 1308 (ς
225 1230 386 1308 veniunt.
409 1228 529 1321 Atque
547 1225 685 1312 utinam
708 1249 776 1322 pro
795 1224 925 1297 decore
942 1242 1084 1299 tantum
1105 1231 1176 1301 hoc
1194 1257 1258 1302 vo-

194 1340 298 1428 obis,
314 1352 350 1409 et
366 1361 441 1408 non
460 1360 528 1432 pro
544 1335 676 1421 salute,
691 1348 784 1405 esset
798 1336 1000 1413 certamen!
1014 1343 1096 1410 Non
1115 1338 1159 1409 de
1177 1363 1258 1436 pos-

192 1481 209 1515 «
222 1451 380 1522 sessione
406 1445 530 1516 Siciliae
553 1468 594 1514 ac
617 1443 786 1523 Sardinia
794 1457 822 1534 9,
847 1444 892 1518 de
917 1447 1049 1543 quibus
1073 1449 1259 1544 quondam

192 1559 411 1657 «agebatur,
433 1552 496 1626 sed
518 1577 586 1649 pro
607 1552 708 1622 Italia
724 1552 827 1623 vobis
847 1570 900 1637 est
920 1555 1173 1653 pugnandum:
1190 1581 1259 1627 nec

191 1701 207 1736 α
221 1684 277 1741 est
295 1668 385 1739 alius
404 1662 449 1732 ab
466 1676 567 1756 tergo
582 1662 780 1746 exercitus,
798 1664 880 1755 qui,
896 1665 966 1734 nisi
980 1690 1048 1735 nos
1061 1668 1256 1751 vincimus,

187 1808 203 1842 (ι
217 1776 314 1850 hosti
330 1770 499 1854 obsistat3
518 1792 586 1838 nec
600 1767 708 1864 Alpes
727 1768 803 1848 aliae
820 1784 951 1856 sunt¹⁰,
973 1795 1063 1865 quas
1086 1772 1174 1847 dum
1195 1800 1256 1845 su·

186 1917 203 1957 o
215 1895 365 1982 perant,
387 1878 588 1975 comparari
616 1901 711 1947 nova
736 1879 875 1974 possint
900 1879 1087 1974 praesidia:
1117 1881 1176 1952 hio
1202 1900 1257 1955 est

188 1989 460 2076 «obstandum,
483 1987 631 2076 milites,
651 1987 751 2058 velut
778 1988 807 2058 si
834 2003 917 2059 ante
946 2014 1095 2060 romana
1120 1996 1257 2064 moenia

187 2134 205 2170 «
218 2122 432 2203 pugnemus.
450 2098 710 2194 Unusquisque
732 2122 771 2184 se
794 2123 869 2182 non
889 2123 1022 2197 corpus
1041 2125 1168 2190 suurn,
1190 2103 1255 2175 sed

186 2214 411 2309 «conjugem
428 2233 470 2281 ac
487 2207 622 2280 liberos
641 2233 769 2306 parvos
790 2211 898 2285 armis
918 2224 1106 2309 protegere
1122 2227 1251 2310 putet:

186 2354 202 2389 ι(
217 2349 285 2400 nec
310 2321 524 2393 domesticas
547 2319 667 2391 solum
692 2321 801 2416 agitet
824 2345 944 2407 curas,
967 2321 1030 2392 sed
1054 2322 1252 2394 identidem

184 2464 201 2498 «
214 2434 285 2505 hoc
301 2435 423 2504 animo
436 2444 600 2528 reputet,
621 2445 762 2501 nostras
781 2455 881 2501 nunc
898 2433 1031 2511 intueri
1047 2457 1175 2503 manus
1193 2457 1251 2502 se-

187 2573 204 2606 «
217 2557 343 2612 natum
358 2540 610 2638 populumque
624 2564 835 2627 romanum3
850 2542 966 2636 qualis
981 2557 1101 2612 nostra
1118 2543 1169 2612 vis
1184 2545 1252 2613 vir-

222 2743 247 2786 7.
262 2725 352 2772 Tutela·
365 2735 455 2777 nosuoe
468 2723 556 2783 deinde
569 2724 695 2783 discimus,
741 2728 822 2777 Poenis
829 2730 883 2788 iure
894 2729 1014 2792 inclusos,
1022 2730 1079 2792 quia
1088 2742 1249 2779 commeatum

185 2805 237 2851 scil.
250 2819 292 2851 eos
305 2819 370 2869 esse,
381 2802 413 2851 ad
426 2803 526 2850 tutelam
536 2815 644 2859 nostram
654 2821 696 2852 ecs
741 2807 904 2857 subrexerant
912 2808 1025 2856 hostibus
1032 2808 1151 2872 ipsorum,
1159 2812 1249 2860 remitti

184 2884 307 2948 pertinere
319 2882 459 2947 putavimus
476 2881 533 2945 (eos
545 2882 696 2946 tdjluraudos
737 2887 870 2947 jusserant,
880 2899 904 2936 et
918 2888 1006 2947 deiude
1017 2904 1032 2936 a
1044 2891 1198 2944 mercenariis
1210 2892 1248 2939 in-

184 2962 337 3027 tueqdosque
350 2959 491 3026 (luximus);
506 2962 583 3009 Grou.
594 2963 642 3008 Pro
652 2976 658 3008 :
669 2962 695 3008 in
739 2967 809 3015 vitati
821 2967 913 3015 bellum
924 2967 1064 3018 indixerant
1075 2973 1173 3026 Poenis:
1190 2987 1250 3033 quas

183 3041 259 3105 tutele
271 3051 355 3105 postte
367 3053 409 3089 eos
423 3053 487 3096 etse,
500 3050 528 3091 ut
542 3039 617 3105 SQph·
628 3040 694 3103 OEd·
738 3045 839 3106 iujurias
853 3057 934 3107 orator
947 3045 972 3097 h.
982 3046 999 3094 l.
1009 3048 1142 3111 prudenter
1152 3049 1249 3096 silentio

184 3119 237 3183 dit:
250 3120 276 3181 etl
288 3117 405 3187 §plaster
420 3115 562 3184 cpocrciceu
575 3118 693 3193 preside·
738 3124 919 3188 praetermittit;
939 3124 995 3172 ride
1013 3126 1044 3172 ad
1063 3143 1115 3191 cap.
1131 3143 1161 3185 r,
1179 3143 1204 3183 n.
1218 3129 1247 3190 6,

184 3217 245 3268 μαι,
258 3203 379 3261 Bauerus,
391 3199 483 3263 Cpnfer
495 3198 528 3253 ad
540 3202 566 3258 Ι,
578 3199 608 3259 6,
621 3216 649 3249 n.
663 3220 677 3261 a
737 3204 824 3269 Polyb.
836 3205 885 3262 111,
900 3203 950 3266 835
962 3204 1069 3269 Appiam
1083 3204 1113 3253 de
1125 3205 1186 3253 Reh.
1198 3205 1246 3254 ste.

182 3293 256 3341 quum
266 3275 345 3341 qliico
356 3276 417 3339 belle
430 3287 586 3339 arguentem
599 3277 649 3334 vid.
662 3277 694 3329 ad
737 3283 774 3340 Π,
785 3284 808 3339 3,
821 3294 845 3330 et
855 3285 916 3330 Puu.
927 3298 948 3330 c.
960 3281 975 3328 5
981 3317 988 3340 ‚
1000 3300 1026 3346 p.
1038 3285 1083 3346 96,
1096 3296 1120 3332 et
1131 3286 1194 3342 310,
1207 3283 1248 3349 ed.

181 3371 235 3419 cap.
247 3372 269 3419 r,
277 3370 303 3404 n.
315 3354 341 3400 5.
353 3356 384 3401 In
393 3369 422 3403 eo
431 3354 516 3419 utique
523 3355 628 3417 Romani
637 3371 692 3424 per-
738 3360 874 3425 Schweigb.

181 3434 296 3496 miserant
304 3468 315 3496 ,Δ
322 3443 350 3481 ut
362 3433 431 3495 Poeni
445 3432 476 3479 ad
489 3433 551 3485 illud
564 3434 652 3485 milites
665 3435 693 3489 iu
773 3440 797 3487 8.
813 3442 862 3485 Pro
878 3437 914 3487 his
929 3440 1071 3503 impartiet,
1082 3439 1209 3501 beneficiis
1222 3442 1248 3489 in

180 3513 250 3576 Italia
259 3511 369 3572 mercede
379 3510 556 3576 conducerent,
567 3523 641 3575 utque
652 3529 691 3571 sp·
735 3517 824 3565 Poenos
833 3516 935 3574 collatis.
946 3519 1081 3582 Impertitis
1090 3521 1184 3582 tectius
1189 3522 1248 3571 scti-

139 3601 141 3607 ·
180 3591 214 3653 cii
231 3592 271 3638 sui
292 3590 374 3643 Poenis
394 3601 557 3649 commeatum
581 3603 692 3653 apporta·
735 3593 886 3656 bitur-quam
899 3595 1032 3660 impertiris.

181 3679 236 3715 rent
248 3683 254 3716 :
265 3669 380 3726 miserant
391 3669 464 3723 stiam
475 3669 582 3732 legatos,
597 3670 639 3733 qui
647 3686 690 3737 pa·
771 3688 796 3734 9.
810 3675 846 3719 De
854 3674 1005 3738 possessione
1018 3675 1107 3723 Siciliae
1120 3693 1151 3725 ac
1161 3677 1247 3724 Sardi·

181 3762 235 3793 cem
254 3747 318 3795 inter
338 3749 426 3806 Poenos
446 3747 569 3810 Afrosque
590 3748 691 3798 rebelles
734 3750 796 3809 nite,
809 3762 871 3810 etc.;
881 3752 939 3802 vide
949 3753 981 3801 ad
991 3771 1045 3818 cap.
1057 3770 1078 3812 1,
1089 3771 1114 3802 n.
1126 3755 1150 3802 6.

180 3836 372 3888 componerent,
385 3842 464 3889 neque
482 3826 508 3873 in
524 3825 599 3877 fidem
616 3827 690 3877 ditio-
772 3845 811 3891 ro.
831 3831 884 3877 Nec
898 3832 973 3896 Alpes
986 3833 1044 3881 atiae
1061 3843 1128 3888 sunt,
1144 3848 1247 3894 quarum

179 3918 282 3965 nemque
291 3919 358 3949 suam
368 3917 510 3968 receperant
519 3905 629 3965 civitates
636 3906 691 3967 erfri-
734 3909 850 3970 trausitus
862 3909 948 3969 hostes
960 3912 995 3973 its
1006 3921 1126 3968 meretur,
1138 3924 1177 3968 ut,
1188 3912 1247 3964 dum

178 3996 233 4038 cas,
247 3996 300 4043 quae
311 3981 338 4031 iu
349 3997 402 4033 eam
414 4000 439 4032 se
449 3985 628 4037 commiserant.
640 3984 690 4031 Sed
735 4002 774 4036 eas
786 4001 912 4052 supererat,
929 3990 1020 4050 intereo
1033 4006 1047 4038 a
1060 3990 1134 4037 nobis
1146 4007 1245 4056 eompa-

176 4058 251 4105 iidem
265 4069 410 4119 mercatores
424 4061 512 4119 italos,
525 4063 661 4125 carceribus
674 4079 688 4109 a
733 4066 786 4114 rari
795 4067 891 4131 possint
901 4068 1097 4134 noqoprmsidia.
1110 4098 1146 4108 -
1158 4073 1243 4117 Fortu-
