2782 4568
184 327 208 366 Δ.
222 324 244 363 C.
258 322 304 360 215.
363 296 365 300 Ι

186 383 307 435 w„
336 405 337 408 γ
401 343 551 409 mssa
579 343 724 411 xnru.
752 302 855 409 oar.
882 340 960 406 xc.
1146 339 1212 436 347

136 514 138 518 -
205 467 278 534 XL.
304 465 348 530 Et
365 461 402 530 in
418 460 579 531 Sardinia
594 488 651 532 res
669 486 735 560 per
749 466 786 530 T.
804 460 1004 530 Manlium¹
1026 472 1217 555 praetorem

158 572 397 645 administrari
412 585 554 667 coeptae,
570 598 650 668 quae
665 573 803 648 omissae
819 584 943 657 erant,
962 584 1157 666 postquam
1172 573 1217 662 Q.

159 685 300 770 Mucius
313 695 444 778 praetor.
453 684 549 777 gravi
559 682 689 752 morbo
702 697 755 753 est
768 682 968 778 implicitus.
979 679 1149 767 Manlius,
1160 705 1221 783 na-

158 791 264 863 vibus
278 792 394 887 longis
411 791 456 861 ad
471 792 612 863 Carales
625 792 830 879 subductis,
842 789 1100 884 navalibusque
1118 790 1222 860 sociis

159 903 322 991 armatis,
345 918 384 972 ut
407 918 499 973 terra
519 927 597 973 rem
618 918 778 1000 gereret,
797 898 833 974 et
852 926 873 970 a
891 915 1043 998 praetore
1061 901 1223 969 exercitu

161 1027 331 1109 accepto,
352 1012 427 1082 duo
449 1028 484 1082 et
501 1014 626 1109 viginti
647 1014 756 1082 millia
776 1011 959 1109 peditum,
978 1011 1075 1080 mille
1097 1025 1132 1080 et
1154 1009 1223 1079 du-

160 1136 285 1192 centos
300 1123 439 1218 equites
455 1121 620 1193 confecit.
632 1128 724 1194 Cum
738 1123 793 1192 his
807 1122 970 1216 equitum
985 1120 1223 1216 peditumque

95 1294 97 1298 ,
165 1232 278 1328 copiis
294 1229 476 1328 profectus
498 1233 537 1301 in
561 1258 684 1329 agrum
705 1231 864 1302 hostium
880 1286 889 1319 ,
908 1230 1006 1301 haud
1029 1230 1156 1326 procul
1178 1227 1223 1298 ab
1296 1313 1297 1317 Ἰ

161 1343 400 1438 Hampsicora
425 1343 547 1412 castris
577 1358 689 1414 castra
714 1344 835 1440 posuit
859 1369 866 1410 :
890 1342 1123 1438 Hampsicora
1146 1351 1225 1408 tum

162 1448 255 1522 forte
268 1451 451 1548 profectus
466 1468 541 1524 erat
554 1454 592 1522 in
606 1453 751 1542 Pellitos
762 1453 929 1540 Sa1·d0s²,
941 1451 984 1522 ad
996 1453 1224 1547 juventutem
1245 1467 1247 1470 ’

163 1562 391 1650 armandam,
413 1588 484 1659 qua
507 1565 626 1662 copias
649 1579 804 1662 augeret.
826 1564 935 1634 Filius
960 1565 1059 1657 ejus,
1078 1560 1225 1631 nomine

162 1673 326 1759 Hiostus‚
339 1675 462 1744 castris
474 1689 623 1770 praeerat
635 1702 642 1743 :
654 1677 701 1762 is,
712 1673 953 1745 adolescentia
961 1670 1079 1758 ferox,
1090 1685 1226 1741 temere

162 1782 285 1879 praelio
298 1784 389 1852 inito
399 1781 418 1852 f
416 1808 501 1853 usus
510 1782 737 1880 fugatusque
749 1784 802 1856 Ad
814 1787 880 1854 tria
892 1779 1019 1852 millia³
1031 1779 1225 1852 Sardorum

165 1915 209 1961 eo
224 1893 348 1987 praelio
363 1918 469 1980 caesa,
484 1895 682 1992 octingenti
697 1894 809 1965 ferme
819 1895 890 1965 vivi
905 1894 1009 1990 capti.
1024 1892 1119 1962 Alius
1134 1911 1229 1961 exer·
1301 1982 1302 1986 Ἰ

164 2002 280 2071 οἰῑυε4
295 2005 413 2097 primo
435 2027 499 2099 per
518 2018 620 2098 agros
644 2005 820 2101 silvasque
841 2003 925 2101 fuga
942 2005 1103 2101 palatus3
1121 2001 1227 2089 dein,
1270 2029 1276 2040 ·

165 2134 240 2206 quo
260 2109 390 2180 ducem
407 2108 539 2206 fugisse
558 2108 650 2181 fama
666 2127 760 2199 erat,
776 2115 821 2182 ad
836 2114 965 2184 urbem
980 2114 1127 2183 nomine
1142 2115 1229 2181 Cor·

98 2230 101 2234 ’
164 2243 272 2306 num,
292 2235 399 2316 caput
417 2220 494 2314 ejus
513 2223 670 2318 regionis
680 2219 708 2309 5,
732 2220 904 2320 confugit.
925 2220 1230 2317 Debellatumque

165 2353 209 2399 eo
224 2324 346 2425 praelio
361 2332 399 2400 in
410 2330 571 2402 Sardinia
586 2347 694 2420 esset,
709 2333 746 2402 ni
762 2333 881 2403 classis
893 2333 1026 2428 punica
1041 2353 1122 2421 cum
1138 2329 1229 2401 duce

165 2438 404 2527 Hasdrubale,
421 2465 501 2535 quae
515 2454 726 2539 tempestate
739 2442 877 2539 dejecta
892 2441 938 2511 ad
948 2437 1126 2517 Baliares⁶
1137 2453 1229 2529 erat,

167 2685 231 2726 mres,
245 2681 269 2718 et
280 2669 410 2719 Marcellus
419 2672 460 2721 hle
470 2685 618 2738 propraetor.
629 2676 675 2723 En.
720 2651 772 2737 cap.
785 2690 807 2733 7.
816 2675 888 2722 Cous.
901 2676 959 2722 Em.
975 2674 1042 2722 Clav.
1057 2674 1123 2728 oica
1135 2669 1232 2719 Cluvert

203 2749 263 2796 Car.
278 2751 331 2796 xl..
345 2766 366 2795 1.
381 2753 429 2796 Per
443 2753 468 2797 T.
482 2753 601 2799 Manlium
609 2769 676 2816 prae-
721 2752 789 2800 Sard.
798 2755 858 2801 Aut.
867 2770 893 2816 p.
906 2755 953 2812 487
963 2770 970 2811 ;
980 2753 1045 2802 Duli.
1058 2764 1082 2800 et
1094 2751 1191 2800 Salmas.
1201 2749 1233 2797 ad

168 2837 259 2880 torem,·
271 2827 321 2873 vid.
331 2843 403 2890 snpra
413 2828 444 2875 ad
455 2831 503 2886 VI,
515 2838 561 2887 ta,
571 2847 596 2877 n.
609 2847 631 2890 7.
642 2857 678 2867 -
720 2831 825 2886 Flor.II,
836 2823 1233 2889 6,35;Hard.su1’li1i.xxxl11,

170 2904 284 2960 Omlssoe;
299 2905 355 2951 vide
366 2905 397 2952 ad
407 2906 497 2955 librum
506 2909 555 2965 III,
566 2924 618 2972 cap.
630 2909 676 2968 46,

168 2998 194 3029 n.
203 2999 226 3042 7.
236 3010 271 3017 -
280 2983 388 3030 Naribus
401 2985 478 3050 longis
487 2986 548 3051 (vid.
558 2986 589 3034 ad
599 2988 676 3046 XIII,

171 3078 211 3123 17,
225 3078 249 3107 n.
265 3062 280 3108 5
288 3059 297 3125 )
311 3063 348 3109 ad
357 3063 455 3111 Carales
473 3064 543 3130 (hod.
558 3065 676 3130 Cagliari,

169 3157 211 3188 seu
225 3140 323 3202 Calarr')
336 3141 458 3190 subductis
476 3142 546 3206 (vide
559 3144 590 3190 ad
601 3146 679 3202 VIII,

169 3220 248 3277 adm.
258 3220 292 3284 ι),
302 3221 475 3286 navalibusque
483 3222 555 3270 sociis
563 3224 680 3280 armatam

170 3298 227 3347 vide
241 3301 272 3350 ad
286 3303 338 3357 IX,
353 3302 434 3358 38,n.
449 3318 471 3348 1.

206 3393 231 3425 a.
241 3382 279 3424 In
295 3380 394 3427 Pellitos
410 3380 502 3428 Sardos
522 3378 572 3446 (ita
592 3379 680 3444 optimi

171 3456 248 3513 MSS,
272 3472 323 3504 non
346 3458 467 3517 Pediaios,
491 3471 519 3508 ut
547 3459 603 3507 edd.
625 3470 680 3509 aute

169 3531 270 3596 Drak),
283 3536 325 3597 qui
334 3538 373 3583 vel
382 3553 449 3584 more
461 3539 633 3596 barbarorum,
642 3539 682 3586 vel

171 3613 267 3675 potius,
275 3614 342 3675 quod
351 3627 464 3664 montana
472 3608 606 3666 incolerent
614 3618 680 3675 loca,

172 3690 270 3752 frigoris
282 3693 381 3739 arcendi
394 3709 465 3742 causa
477 3698 582 3760 pellibus
595 3709 619 3744 et
632 3713 682 3744 ma·

173 3770 275 3826 stracia,
288 3770 313 3816 h.
327 3787 348 3817 e.
364 3771 455 3820 villosis
470 3790 623 3824 musmonum
639 3793 681 3824 seu

173 3845 274 3893 arietum
297 3849 420 3911 pellibus,
438 3852 590 3903 utebantur:
615 3855 681 3902 unde

174 3925 247 3971 etiam
258 3926 338 3987 pelliti
351 3939 433 3984 testes,
450 3940 474 3976 et
485 3933 629 3980 maetrrtcati
645 3933 682 3981 la·
703 3928 705 3937 ¹

174 4003 280 4050 moult
293 4004 408 4053 djeuntur
421 4007 534 4057 Cleeroni
545 4011 572 4058 in
587 4013 681 4076 Fragm.

175 4092 236 4133 prat.
248 4097 295 4156 pro
308 4085 418 4145 Scauro,
432 4096 456 4134 et
474 4087 505 4134 de
522 4090 595 4138 Prer.
612 4105 682 4140 cens.

727 2924 767 2966 12,
776 2924 818 2955 teu
830 2909 877 2971 503
890 2909 1139 2974 Intpp.Anton.Itin.
1150 2925 1175 2970 p.
1188 2907 1233 2966 7⁸3

723 2987 793 3034 Crev.
804 2989 849 3050 Ep.
861 2989 874 3033 3
889 2988 920 3035 ad
932 2987 1007 3034 Hand.
1017 2987 1048 3034 de
1057 2988 1108 3046 ejus
1118 2985 1156 3032 ed.
1171 2984 1232 3044 Plin.

724 3066 789 3113 etad
800 3066 852 3112 haec
866 3077 890 3113 et
904 3083 970 3129 seqq.
985 3065 1022 3128 (c.
1035 3073 1068 3119 4ο
1080 3076 1103 3111 et
1115 3062 1173 3125 41);
1190 3062 1233 3110 Sil.

723 3145 788 3202 XII,
805 3145 935 3205 Sta-419,
954 3143 997 3190 uhi
1012 3142 1179 3206 Hampsicora·
1195 3139 1234 3187 vel

724 3225 897 3286 Hampsagorae
914 3222 981 3287 (vide
995 3223 1025 3270 ad
1040 3239 1094 3287 cap.
1110 3223 1157 3278 32,
1170 3237 1195 3269 n.
1209 3216 1234 3283 5)
1267 3228 1269 3232 ⁴

723 3300 789 3348 filius
797 3303 899 3359 Hostus,
914 3318 965 3349 non
975 3301 1085 3357 Hiostus‚
1101 3300 1198 3347 dicitur.

762 3381 786 3426 3.
800 3380 844 3426 Ad
860 3381 908 3428 tria
925 3379 1003 3427 millia
1021 3379 1168 3432 Sardorum,
1188 3389 1233 3425 ete.

725 3461 755 3506 In
767 3458 822 3506 edd.
835 3470 891 3506 ante
902 3460 971 3506 Grut.
982 3457 1019 3504 ad
1028 3458 1106 3504 XXX
1113 3455 1216 3503 millia..
1228 3491 1234 3502 .

726 3553 790 3584 eoesa
796 3573 804 3595 ,
816 3537 916 3586 trecenti
926 3538 966 3584 vel
979 3537 1043 3584 rm'lle
1054 3534 1165 3590 trecenti,
1178 3546 1225 3582 ete.

762 3624 785 3670 4.
794 3602 866 3664 Alius
874 3615 1134 3679 exereitrts,reliquus;
1144 3613 1194 3661 vid.
1204 3612 1236 3660 ad

725 3695 770 3754 IV,
783 3710 827 3752 10,
840 3712 865 3742 n.
875 3711 899 3743 a.

762 3773 786 3821 5.
796 3773 900 3830 Cornus,
912 3784 987 3837 eaput
997 3772 1048 3837 ejus
1058 3770 1173 3836 regionis,
1185 3771 1237 3818 Pel·

724 3853 826 3900 litorum
832 3852 976 3908 Sardorum,
984 3851 1043 3898 hod.
1052 3851 1161 3905 Corneto,
1170 3848 1235 3896 haud
1328 3882 1332 3888 -

725 3931 834 3996 procula
844 3931 916 3988 mari,
925 3930 957 3977 ad
962 3932 1077 3977 Termum
1085 3927 1182 3976 flumen.

762 4012 787 4057 6.
799 4012 950 4074 Tempestate
960 4008 1054 4074 dejecta
1065 4007 1102 4055 ad
1108 4006 1233 4063 Baliares,-

726 4089 784 4139 ride
797 4089 828 4144 ed
839 4091 919 4150 m,
932 4105 978 4149 21,
990 4105 1016 4138 n.
1028 4104 1054 4149 ῃ,
1064 4089 1175 4147 affl,
1190 4094 1234 4148 49,
