2782 4568
188 307 257 382 206
608 309 649 376 r.
682 309 820 376 mvn
876 314 879 323 ·
1095 287 1222 393 stit

234 433 393 503 XXXIV.
417 426 633 500 Consulibus
654 439 886 525 prorogatum
911 429 949 496 in
972 453 1107 499 annum
1129 434 1249 530 impe·

186 546 291 616 rium.
313 546 516 637 interreges
534 539 667 636 proditi
686 560 705 605 a
729 535 891 634 patribus
911 543 950 608 C.
971 539 1159 631 Claudius,
1178 548 1246 642 Ap.

185 653 298 741 filius„
313 645 473 735 Centho,
488 647 572 718 inde
586 651 622 719 P.
639 647 826 718 Cornelius
840 649 957 718 Asina.
978 655 1022 719 In
1039 651 1117 746 ejus
1132 654 1249 725 inter-

184 788 298 862 regno
314 762 455 842 comitia
470 757 591 828 habita
605 783 737 855 magno
751 760 947 830 certamine
961 765 1108 832 Patrum
1122 787 1163 834 ac
1177 765 1247 861 ple·
1310 824 1317 835 ,

183 875 250 946 bis.
267 879 306 946 C.
319 871 486 943 Terentio
495 869 664 957 Varroni,
685 893 795 965 quem
812 869 867 938 sui
883 870 1022 966 generis
1038 870 1244 962 hominem,

182 985 302 1084 plebei
311 981 545 1053 insectatione
555 980 777 1077 principum,
791 979 1100 1078 popularibusque
1110 982 1248 1054 artibus

184 1095 430 1180 conciliatum,
449 1089 494 1161 ab
509 1092 553 1179 Q.
570 1088 670 1160 Fabii
686 1087 817 1186 opibus
832 1104 867 1160 et
884 1089 1074 1161 dictatorio
1092 1093 1245 1189 imperio

183 1205 384 1278 concussis1
410 1202 525 1273 aliena
543 1200 677 1270 invidia
696 1199 962 1297 splendentem,
977 1202 1105 1300 vulgus
1128 1218 1164 1274 et
1182 1228 1246 1275 ex-

183 1314 323 1387 trahere
341 1311 386 1383 ad
404 1310 633 1382 consulatum
654 1309 858 1401 nitebatur,
879 1326 998 1409 patres
1017 1337 1156 1383 summa
1173 1339 1245 1412 ope

183 1425 393 1511 obstabant,
416 1446 516 1493 nese
534 1419 747 1495 insectando
766 1419 834 1491 sibi
851 1423 986 1518 aequari
1001 1437 1248 1494 assuescerent

184 1539 359 1610 homines.
381 1537 425 1624 Q.
442 1531 581 1602 Baebius
598 1532 836 1620 Herennius2,
855 1530 1025 1602 tribunus
1037 1532 1169 1629 plebis,
1187 1530 1246 1604 co·

183 1661 312 1746 gnatus
335 1649 373 1716 C.
389 1642 566 1730 Terentii,
586 1641 810 1712 criminando
830 1667 906 1711 non
929 1656 1094 1713 senatum
1112 1643 1245 1733 modo,

183 1757 366 1829 sedetiam
381 1777 550 1850 augures,
565 1751 665 1848 quod
679 1751 892 1823 dictatorem
905 1750 1175 1849 prohibuissent
1191 1780 1246 1826 co

181 1869 280 1938 mitia
290 1863 477 1964 perficere,
490 1889 555 1961 per
564 1862 734 1934 invidiam
746 1888 873 1935 eorum
885 1863 1044 1936 favorem
1053 1864 1245 1936 candidato

183 2002 248 2050 suo
268 1974 491 2048 conciliabat.
512 1974 572 2043 Ab
591 1974 797 2045 bominibus
818 1974 1014 2063 nobilibus,
1028 2002 1100 2073 per
1112 1974 1245 2046 multos

182 2112 298 2160 annos
316 2084 449 2157 bellum
471 2086 712 2182 quaerentibus
720 2082 747 2172 ³,
771 2083 1020 2156 Hannibalem
1041 2092 1080 2156 in
1099 2086 1245 2157 Italion

184 2197 405 2269 adductum:
422 2195 471 2265 ab
486 2195 630 2282 iisdem,
646 2221 754 2292 quum
768 2194 946 2265 debellari
955 2201 1090 2294 possit,
1101 2196 1245 2289 fraude

182 2307 223 2378 id
237 2305 371 2377 bellum
386 2306 488 2378 trabi.
507 2308 594 2376 Cum
607 2323 770 2404 quatuor
781 2304 934 2376 militurn
951 2306 1152 2404 legionibus
1166 2311 1243 2377 uni·

183 2424 286 2487 versis
292 2421 453 2514 pugnari
452 2440 561 2513 posse
574 2422 785 2512 apparuisse
795 2441 838 2486 eo
842 2470 853 2503 ,
866 2416 968 2514 quod
979 2423 1021 2487 M
1024 2472 1031 2486 .
1045 2424 1239 2507 Minucius,

182 2527 329 2597 absente
336 2525 449 2595 Fabio
456 2579 466 2611 ,
473 2528 647 2622 prospere
651 2540 855 2622 pugnasset
858 2555 871 2615 ;
881 2528 977 2598 duas
989 2527 1143 2625 legiones
1153 2528 1247 2598 hosti

182 2638 236 2708 ad
250 2637 386 2707 caedem
404 2634 578 2728 objectas,
599 2634 730 2706 deinde
748 2661 797 2707 ear
816 2645 893 2735 ipsa
914 2639 1013 2710 crede
1031 2654 1183 2736 ereptas,
1204 2654 1245 2709 ut

183 2762 285 2845 pater
311 2759 558 2842 patronusque
584 2745 867 2843 appellareturl,
891 2756 957 2847 qui
971 2756 1076 2847 prius
1100 2751 1243 2819 uincere

215 2957 276 3005 Cu.
289 2955 411 3003 mlv.
424 2970 446 3002 1.
459 2953 500 3002 At
514 2954 542 3015 Q.
553 2953 624 3000 Fabii
637 2954 689 3018 opi·
735 2971 780 3014 12,
793 2973 819 3004 n.
830 2955 872 3021 11)
889 2957 926 3004 ad
943 2960 1096 3018 consulatum
1112 2960 1241 3007 nitebatur.

180 3033 426 3102 bus....;eonpussts,
441 3033 575 3080 imminutis
591 3032 689 3098 (confer
768 3051 792 3081 a.
804 3036 833 3096 Q.
841 3035 936 3083 Boebius
944 3038 1091 3094 Herennius,
1102 3039 1164 3086 forte
1173 3051 1243 3103 pater

181 3115 309 3172 xitum,
328 3121 376 3171 tr„
393 3102 498 3171 xxxi,
513 3113 686 3172 7;xxx111‚
732 3114 1093 3174 obmurmurantem
1103 3119 1244 3166 Herennius

183 3211 228 3258 19,
240 3210 264 3240 n.
275 3210 300 3252 1,
313 3193 358 3239 ubi
367 3192 399 3239 cf.
408 3191 496 3250 brak„
505 3191 570 3240 nuk.
580 3191 612 3239 ad
623 3191 687 3239 Flor.
732 3207 783 3240 non
793 3193 869 3242 modo
880 3210 971 3242 nomen
985 3208 1035 3255 est,
1050 3197 1093 3244 sed
1107 3209 1132 3244 et
1148 3214 1242 3261 cogno·

180 3277 218 3334 Il,
228 3275 271 3332 15,
280 3290 306 3320 n.
316 3289 359 3331 1a;
369 3272 453 3319 Heins.
460 3271 492 3318 ad
498 3271 585 3319 Vellei.
593 3273 618 3317 Π
624 3291 631 3328 ·,
640 3286 654 3318 n
663 3270 688 3333 ),
731 3287 788 3322 men
797 3274 936 3323 Baebiorum
945 3285 969 3321 et
977 3276 1151 3337 Octaviomm3
1163 3280 1242 3326 Gron.

181 3354 206 3402 h.
228 3370 249 3404 e.
272 3363 330 3417 post
351 3347 546 3398 imminutionem
569 3351 687 3415 potentia
734 3351 806 3398 Vibus
819 3353 941 3400 Terentius
954 3357 1019 3414 conj.
1031 3355 1114 3419 Sigon.
1126 3369 1151 3404 et
1159 3357 1241 3422 rign,

180 3433 232 3494 ejus
244 3430 314 3496 (vide
322 3430 354 3478 ad
363 3433 391 3489 1,
405 3446 432 3487 1,
445 3446 470 3478 n.
482 3428 526 3494 5),
537 3429 632 3485 aliena,
643 3433 687 3476 Fu·
731 3431 788 3493 quia
798 3443 915 3496 cognatus
924 3432 949 3480 C.
960 3433 1065 3481 Terentii
1073 3435 1153 3483 fuerit.

179 3511 228 3571 bii,
243 3509 348 3567 inutilia,
366 3526 438 3572 quam
452 3509 474 3555 ei
489 3509 643 3573 potissimum
653 3508 688 3555 'fe-
768 3511 791 3557 3.
809 3497 902 3558 Bellum
920 3513 1095 3575 querentibus,
1112 3515 1138 3562 h.
1150 3526 1173 3562 e.
1187 3531 1242 3562 eau-

179 3601 244 3638 cerat
257 3587 418 3637 concionibus
434 3586 499 3645 suis,
510 3586 685 3650 splendentem,
731 3605 782 3636 sum
795 3588 860 3641 belli.
875 3590 947 3638 Conf.
961 3592 993 3639 ad
1005 3595 1032 3650 1,
1049 3601 1095 3652 rt,
1108 3610 1133 3640 n.
1144 3594 1169 3642 5.
1177 3595 1241 3641 Mox

179 3669 337 3726 eminentem,
349 3666 480 3730 vigentem.
489 3666 570 3712 Verba
582 3664 607 3713 h.
621 3664 639 3713 l.
653 3666 686 3712 ita
731 3666 834 3714 militum
848 3667 995 3733 legionibus,
1012 3683 1039 3720 ut
1055 3688 1108 3737 cap.
1127 3675 1158 3733 37
1176 3683 1240 3732 extr.

175 3749 250 3810 iunge
263 3761 270 3794 ε
285 3749 369 3793 Patres
385 3761 478 3792 summa
497 3760 542 3808 ope
558 3744 688 3791 obstabant
730 3746 1044 3806 naviumelassem;1loer.

178 3826 204 3873 0.
213 3825 321 3871 Terentio
333 3824 450 3880 Varroni,
463 3839 535 3887 quem
545 3822 584 3870 sui
592 3823 687 3888 generis
735 3846 736 3849 ¹
766 3833 790 3879 4.
806 3827 838 3870 Ut
844 3839 920 3889 pater
928 3840 1095 3894 patronusque
1107 3829 1240 3894 appellare·

177 3903 428 3968 bominem...vulgus
447 3914 471 3949 et
491 3901 534 3967 (h.
555 3919 576 3949 e.
596 3902 685 3960 etiam,
730 3903 882 3965 tui-Fabius,
899 3908 965 3956 conf.
978 3925 1000 3957 c.
1015 3925 1063 3972 29,
1081 3911 1121 3956 bb.
1139 3909 1240 3956 Fabiani

177 3980 246 4053 ‘1¹¹9‘l
253 3979 312 4027 binc
321 3981 428 4029 editores
436 3993 492 4029 ante
499 3981 684 4029 Drakenborch.
729 3982 826 4028 consilii
841 3999 937 4033 causam
956 3987 1061 4052 maligne
1075 3988 1240 4036 comminisci·

178 4057 337 4123 substituere)
350 4074 356 4107 :
371 4059 500 4108 extrahere
514 4060 588 4126 (vide
604 4060 636 4108 ael
650 4061 683 4118 V,
728 4071 769 4109 tur
781 4060 900 4112 tribunus.
