2782 4568
218 337 282 383 roo
630 314 668 377 T.
702 313 838 377 LIVII

210 433 397 506 licitandos
425 447 564 501 veteres
595 433 721 501 socios.
746 429 893 525 Lilybaet
916 429 1117 526 occupandi
1147 433 1269 527 praeci-

209 569 319 644 puam
345 567 467 613 curam
490 566 594 612 esse:
619 541 763 611 credere
786 539 911 611 eadem
937 554 1168 637 tempestate,
1198 567 1271 637 qua

210 656 277 752 ipsi
292 653 429 748 disjecti
447 649 604 738 forent3,
621 676 700 722 eam
723 677 869 748 quoque
893 652 1039 723 classem
1059 651 1104 722 ad
1129 656 1270 749 AEgates

210 765 344 835 insulas
367 762 551 857 dejectam.
582 767 684 848 Haec,
713 763 804 832 sicut
833 761 954 831 audita
980 774 1102 850 crant,
1130 786 1194 832 rex
1220 767 1269 832 M.

211 874 352 946 AEmilio
373 873 535 970 praetori,
551 872 654 966 cujus
672 872 788 942 Sicilia
811 887 885 942 erat
902 873 1106 970 provincia,
1128 875 1272 968 perscri-

211 985 282 1070 bit,
297 997 515 1077 monetque,
528 981 726 1078 Lilybaeum
744 981 849 1052 firmo
864 997 1004 1053 teneret
1017 981 1192 1079 praesidio.
1209 986 1272 1050 Ex·

212 1093 350 1190 templo
370 1106 406 1162 et
427 1093 521 1161 circa
545 1117 565 1160 a
592 1094 768 1188 praetorel
791 1092 835 1162 ad
857 1094 1015 1170 civitates
1044 1093 1140 1162 missi
1165 1092 1273 1188 legati

213 1203 425 1298 tribunique
435 1256 445 1290 ,
456 1203 520 1297 qui
531 1226 621 1272 suos·
628 1202 672 1272 ad
685 1227 808 1273 curam
818 1203 987 1275 custodite
1000 1199 1270 1273 intenderent⁵:

250 1388 273 1433 3.
286 1385 380 1432 Eadem
393 1395 544 1448 tempestate,
560 1400 610 1446 qna
620 1383 665 1448 ipsi
674 1384 722 1430 dis·
767 1386 799 1432 lio
806 1385 911 1449 praetori
917 1385 988 1446 hujus
995 1386 1064 1444 anni3
1074 1386 1158 1448 Sigon.
1169 1396 1193 1432 et
1202 1385 1272 1448 Pigh.

208 1463 270 1527 jeeti
281 1463 379 1528 forent,
406 1463 523 1526 dispersi,
549 1477 603 1508 eam
628 1478 723 1525 qaoque
768 1464 837 1512 used
857 1466 1015 1529 Sempronius
1036 1466 1121 1512 consul
1140 1465 1189 1511 hoc
1207 1481 1272 1512 anno
1366 1474 1370 1484 '

213 1543 313 1589 classem
327 1542 363 1588 ad
379 1543 479 1605 AEgates
498 1540 588 1586 insulas
608 1539 678 1605 (vide
692 1539 723 1585 ad
767 1544 874 1589 Africam
884 1560 938 1590 cum
949 1544 1030 1591 Sicilia
1038 1545 1163 1602 sortitum,
1173 1543 1230 1591 etin
1241 1544 1275 1591 Si-

214 1637 267 1684 cap.
283 1637 328 1678 10,
345 1637 371 1668 n.
385 1618 415 1683 8)
427 1618 558 1682 dejectam,
579 1627 607 1664 ut
620 1619 723 1674 XXIII,
768 1621 847 1667 elliam
866 1623 1002 1684 profectum
1019 1623 1129 1670 scribunt
1148 1623 1201 1668 Liv.
1220 1639 1273 1686 cap.

214 1707 246 1753 to
262 1712 286 1746 et
302 1701 334 1751 34
348 1708 409 1743 extr.
424 1697 467 1744 ubi
477 1698 551 1758 vulgo
562 1696 623 1741 male
636 1696 724 1756 legitur
770 1715 816 1758 17,
828 1701 875 1756 50,
887 1712 911 1745 et
922 1702 1011 1764 Polyb.
1025 1703 1075 1758 111,
1088 1711 1133 1759 41,
1143 1702 1185 1747 61.
1202 1701 1275 1747 Unde

213 1776 320 1839 ejicitur,
340 1786 365 1821 et
379 1776 456 1820 Gron.
478 1785 574 1830 monet,
594 1773 724 1835 naufragos
767 1791 818 1822 non
831 1775 934 1822 absurde
950 1778 1005 1839 quis
1023 1779 1131 1839 colligat,
1152 1780 1276 1826 AEmilium

165 1863 167 1869 '
213 1851 388 1917 tantumejici;
401 1862 426 1897 at
439 1850 524 1915 dejici,
540 1851 582 1913 qui
596 1866 724 1896 summare
768 1869 832 1899 anno
842 1854 966 1916 superiore
973 1866 1103 1917 praeturam
1114 1859 1224 1917 gessisse,
1247 1874 1276 1906 ae

213 1932 314 2003 salvavi
323 1942 514 1990 ventornm‚seu
523 1940 664 1993 tempestate
674 1945 725 1976 ver·
769 1932 875 1979 Siciliam
892 1932 1044 1994 provinciam
1060 1932 1186 1992 habuisse,
1206 1947 1230 1983 et
1249 1938 1277 1984 in

135 2038 137 2043 r
214 2022 309 2070 tantur,
323 2021 350 2070 et
361 2009 537 2072 depellantura
554 2025 637 2066 cursu,
653 2008 693 2055 vel
711 2024 725 2055 a
770 2027 797 2057 ea
812 2027 841 2056 ex
855 1999 922 2056 mor'e
934 2011 1104 2073 Sempronium
1120 2014 1212 2059 consul.
1226 2032 1278 2063 suc·

214 2090 296 2138 medio
310 2088 371 2136 mari
381 2087 411 2134 ad
421 2087 562 2134 inferiorem
570 2098 672 2152 partem.
685 2088 725 2134 Sic
769 2104 888 2136 cessorem
907 2099 1066 2151 exspectasse.
1093 2092 1177 2138 Potest
1195 2104 1277 2141 tamen
1364 2081 1367 2086 ’

215 2170 271 2236 ejici
277 2170 370 2217 scilicet
376 2183 420 2231 per
427 2168 725 2231 tempestatemXXXIII‚
769 2184 826 2215 vera
838 2183 889 2214 esse
901 2168 1020 2214 sententia
1034 2168 1127 2230 Sigonii
1147 2181 1171 2216 et
1187 2171 1276 2234 Pighii.

217 2257 265 2307 41;
284 2249 374 2305 XLIV,
390 2247 422 2294 28
442 2244 491 2308 (de
505 2247 561 2309 fuga
575 2245 685 2310 navali),
702 2257 726 2292 et
769 2242 852 2291 Livius
862 2257 941 2293 autem
949 2262 1000 2293 non
1010 2247 1058 2293 nisi
1069 2264 1113 2311 per
1123 2251 1277 2298 occasionem

215 2329 307 2384 XLIV,
322 2344 368 2388 19,
386 2327 430 2373 ubi
444 2327 520 2373 Gron.
535 2336 559 2372 et
572 2325 646 2372 Dralr.
659 2325 724 2383 conj.
768 2335 885 2386 praetores
898 2325 992 2388 aliquot
1002 2325 1075 2385 hujus
1086 2328 1142 2373 anni
1154 2328 1276 2378 nominat:

216 2405 330 2468 rejectos,
346 2405 394 2451 hoc
414 2415 462 2462 est,
483 2406 584 2460 relatos,
603 2405 659 2466 quia
671 2402 727 2466 ejici
769 2405 877 2459 etforte,
900 2405 943 2450 lib.
954 2391 1018 2462 XX,
1032 2404 1062 2450 de
1078 2407 1181 2452 comitiis
1193 2424 1278 2456 corum

216 2498 301 2546 propr.
316 2483 427 2530 dicantur
437 2482 561 2545 naufragi,
573 2493 614 2528 aut
624 2482 667 2543 qui
676 2483 725 2528 sint
770 2484 950 2544 egeratVerum
959 2498 989 2528 ne
1001 2484 1098 2530 comitia
1111 2485 1207 2547 quidem
1217 2503 1278 2549 prae·

217 2572 359 2624 tempestate
369 2562 443 2608 ablati
451 2577 493 2618 eo,
505 2561 548 2607 ubi
558 2560 668 2606 nottdum
676 2561 726 2606 fue·
769 2573 850 2608 torum
861 2563 919 2608 anni
932 2579 984 2624 seq.
998 2574 1115 2609 memorat
1129 2578 1135 2610 ε
1150 2580 1196 2626 qua
1209 2565 1235 2610 in
1250 2582 1277 2612 re

116 2680 119 2687 .
218 2641 338 2698 rint,nee
347 2655 396 2702 qno
406 2639 560 2686 tetenderint.
573 2638 637 2704 (Sed
645 2639 726 2686 obstat
770 2639 895 2704 diligentia
921 2640 986 2686 illins
1013 2640 1143 2688 desiderari
1164 2637 1277 2705 potest.»

217 2718 254 2766 ibi
270 2734 320 2765 vox
332 2716 386 2781 bis.)
401 2718 491 2766 Confer
501 2718 533 2764 ad
544 2720 602 2765 Tac.
612 2720 677 2765 Ann.
688 2720 725 2775 ΙΙ,
769 2719 834 2766 Duk.

221 2806 266 2854 at,
278 2813 304 2843 n.
315 2812 342 2853 a,
357 2807 381 2844 et
394 2796 424 2842 de
436 2797 512 2845 verbo
523 2797 617 2861 disjecti
628 2797 658 2843 ad
667 2799 725 2844 Tac.
790 2806 793 2811 '
805 2805 829 2852 4.
839 2798 967 2860 Extemplo
982 2809 1006 2843 et
1017 2797 1082 2844 circa
1095 2815 1111 2845 a
1117 2811 1224 2862 praetore
1236 2799 1277 2864 (td

220 2877 286 2923 Anu.
306 2878 332 2932 I,
352 2877 402 2933 32,
421 2891 446 2922 n.
461 2891 491 2934 73
505 2878 579 2933 etl-I,
601 2877 647 2934 13,
663 2893 688 2924 n.
700 2891 725 2937 9.
770 2893 800 2923 ex
817 2878 862 2924 Ms
876 2878 974 2924 Flora.
992 2893 1024 2922 m.
1043 2893 1090 2923 sec.
1104 2880 1202 2942 reposui
1222 2896 1276 2926 cum

127 3020 130 3024 Ι
219 2955 283 3003 Ηίιιο
293 2965 318 3001 et
327 2954 389 3000 infra
400 2955 550 3013 XXXVIII,
564 2954 611 3013 56,
625 2953 726 3019 disjecta
770 2957 861 3002 Stroth.
870 2955 941 3019 prob.
954 2956 1038 3019 Dralr.)
1051 2957 1088 3002 nd
1098 2957 1204 3004 civitates
1212 2959 1279 3006 missi

220 3044 358 3096 tempestate
376 3044 458 3079 statua
477 3049 523 3096 pro
538 3047 544 3080 :
559 3032 666 3079 membra
682 3044 728 3080 sta·
771 3034 858 3098 legati,
872 3034 956 3080 confer
967 3035 997 3081 ad
1009 3038 1034 3091 I,
1047 3043 1073 3090 4,
1083 3051 1108 3080 n.
1124 3050 1163 3093 11,
1177 3047 1202 3083 et
1212 3039 1238 3094 Ι,
1252 3053 1277 3099 9,

220 3122 268 3159 tuae
279 3110 389 3157 diffracta
398 3110 565 3173 dispersaque3
577 3112 624 3158 nisi
632 3112 679 3173 leg.
689 3111 728 3157 de-
771 3128 796 3160 n.
811 3113 921 3175 1.Vulgo
939 3107 1005 3160 circa
1015 3124 1159 3177 praetorem,
1181 3114 1207 3159 id
1223 3127 1278 3172 est,

217 3189 402 3254 jecta,scilicet
414 3188 445 3235 de
458 3188 510 3236 basi
519 3190 558 3235 vel
568 3190 726 3237 monimento.
771 3191 835 3238 circa
853 3206 908 3237 eum
927 3192 1022 3250 locum,
1045 3191 1087 3236 nbi
1104 3203 1193 3254 praetor
1207 3194 1278 3252 era't;

221 3268 312 3316 Confer
330 3268 366 3314 ibi
385 3267 459 3315 Drak.
476 3270 511 3316 At
528 3252 631 3334 dejicere
642 3270 728 3333 prtesi-
773 3269 864 3316 Stroth.
886 3271 962 3317 Gron.
980 3269 1095 3332 jungebat
1117 3270 1192 3334 legati
1211 3272 1279 3319 circa

222 3347 302 3403 dium,
318 3357 363 3394 etc.
377 3347 504 3404 XXVIII,
516 3365 543 3407 7;
555 3350 644 3406 XLIV,
656 3350 686 3396 35
697 3350 727 3395 al.
767 3359 911 3411 praetorem,
931 3349 978 3394 hoc
998 3359 1047 3405 est,
1070 3349 1112 3410 qui
1130 3348 1194 3396 eirca
1209 3350 1280 3397 illum

221 3437 259 3473 est
271 3427 370 3486 ejicere,
383 3424 512 3488 expellere.
526 3453 561 3463 -—
575 3429 611 3472 M.
621 3427 729 3473 AEmilia.
773 3436 853 3482 erant,
866 3442 968 3488 eumque
981 3427 1082 3473 honoris
1094 3444 1165 3474 cansa
1177 3441 1280 3476 assecta-

223 3504 264 3551 sie
280 3504 409 3551 ediderunt
419 3504 543 3551 Drakenb.
560 3517 584 3551 et
594 3505 729 3563 Creverius,
773 3504 861 3550 bantur
873 3504 964 3552 relictis
977 3506 1097 3568 praesidiis
1110 3508 1167 3553 suis.
1190 3509 1280 3556 Confer

223 3600 298 3647 quum
323 3584 393 3630 multi
416 3582 527 3629 dederint
546 3599 591 3630 rear
612 3586 732 3630 Messanae
774 3584 857 3644 Intpp.
872 3585 936 3630 Suet.
950 3583 1011 3631 Caes.
1027 3601 1074 3644 27,
1090 3597 1114 3632 et
1128 3586 1235 3633 Broulrh.
1249 3587 1281 3634 ad

224 3662 336 3718 AEmilia,
350 3673 391 3708 aut
405 3662 533 3717 Messana,
549 3661 616 3724 quod
628 3662 655 3707 in
668 3663 731 3710 Gro-
775 3660 864 3707 Tibull.
876 3664 902 3718 1,
918 3663 945 3719 3,
959 3679 981 3710 v.
997 3665 1038 3723 87.
1048 3665 1131 3726 Vulgo
1148 3676 1228 3710 tamen
1246 3665 1281 3712 ita

225 3741 355 3787 noviorum
364 3738 420 3786 edd.
429 3739 507 3803 legere
517 3751 561 3786 est.
571 3741 663 3786 Verum
674 3755 732 3803 quo
775 3739 825 3785 dici
836 3741 879 3802 qai
886 3741 951 3787 circa
964 3743 1070 3805 aliquem
1083 3754 1149 3796 sanc,
1161 3754 1187 3789 ut
1196 3743 1216 3792 ai
1226 3741 1281 3812 napi

225 3817 291 3863 niam
303 3833 354 3865 non
369 3817 443 3865 modo
456 3819 520 3865 Flor.
535 3819 626 3866 omittit
640 3820 732 3866 Messa·
775 3819 814 3868 τὸν
838 3821 958 3871 Πλάτωνα
980 3821 1098 3884 loquendi
1117 3820 1193 3867 modo
1215 3822 1282 3886 apud

226 3910 276 3950 nae,
293 3896 419 3944 sedetiam
434 3899 488 3944 Put.
502 3898 656 3946 consentiens
667 3898 732 3944 insu·
775 3900 874 3946 Graecos
886 3900 1056 3957 usitatissimo,
1069 3911 1153 3946 monet
1164 3902 1239 3947 Dralr.

226 3988 271 4036 per
279 3972 338 4036 legit
346 3976 499 4032 M.AEmilio,
511 3992 562 4022 non
571 3975 731 4024 dubitandum
811 3977 834 4024 5.
848 3978 895 4038 Qui
908 3996 963 4026 sitos
973 3979 1009 4025 ad
1019 3994 1102 4024 curam
1116 3980 1233 4026 custodite
1245 3980 1281 4025 in-

226 4061 274 4109 est,
283 4052 342 4112 quin
351 4052 382 4098 ita
393 4053 731 4102 succendamus-semt-
775 4056 910 4114 tenderent,
927 4059 959 4105 ad
973 4058 1129 4106 intentiorem
1146 4059 1281 4107 custodiam

1192 4138 1197 4163 l
