<?xml version="1.0" encoding="UTF-8"?>
<!DOCTYPE html PUBLIC "-//W3C//DTD XHTML 1.0 Transitional//EN"
    "http://www.w3.org/TR/xhtml1/DTD/xhtml1-transitional.dtd">
<html xmlns="http://www.w3.org/1999/xhtml" xml:lang="en" lang="en">
 <head>
  <title>
</title>
<meta http-equiv="Content-Type" content="text/html;charset=utf-8" />
  <meta name='ocr-system' content='tesseract 3.04.00' />
  <meta name='ocr-capabilities' content='ocr_page ocr_carea ocr_par ocr_line ocrx_word'/>
</head>
<body>
  <div class='ocr_page' id='page_1' title='image "./titusliviuspata06freigoog_0483.png"; bbox 0 0 2782 4568; ppageno 0'>
   <div class='ocr_carea' id='block_1_1' title="bbox 192 296 862 397">
    <p class='ocr_par' dir='ltr' id='par_1_1' title="bbox 192 296 862 397">
     <span class='ocr_line' id='line_1_1' title="bbox 192 296 862 397; baseline -0.004 -25"><span class='ocrx_word' id='word_1_1' title='bbox 192 304 261 397; x_wconf 69' lang='lat'><strong>478</strong></span> <span class='ocrx_word' id='word_1_2' title='bbox 508 296 512 301; x_wconf 81' lang='grc'><strong>’</strong></span> <span class='ocrx_word' id='word_1_3' title='bbox 564 297 862 371; x_wconf 67' lang='lat' dir='ltr'><strong>excursus·</strong></span> 
     </span>
    </p>
   </div>
   <div class='ocr_carea' id='block_1_2' title="bbox 190 423 1284 508">
    <p class='ocr_par' dir='ltr' id='par_1_2' title="bbox 190 423 1284 508">
     <span class='ocr_line' id='line_1_2' title="bbox 190 423 1284 508; baseline 0 -17"><span class='ocrx_word' id='word_1_4' title='bbox 190 426 264 491; x_wconf 92' lang='lat' dir='ltr'><strong>suit.</strong></span> <span class='ocrx_word' id='word_1_5' title='bbox 286 426 377 507; x_wconf 88' lang='lat' dir='ltr'><strong>Quos</strong></span> <span class='ocrx_word' id='word_1_6' title='bbox 402 424 427 487; x_wconf 90' lang='lat' dir='ltr'><strong>si</strong></span> <span class='ocrx_word' id='word_1_7' title='bbox 452 425 537 486; x_wconf 86' lang='lat' dir='ltr'><strong>inter</strong></span> <span class='ocrx_word' id='word_1_8' title='bbox 558 446 592 486; x_wconf 86' lang='lat' dir='ltr'><strong>se</strong></span> <span class='ocrx_word' id='word_1_9' title='bbox 614 423 830 503; x_wconf 87' lang='lat' dir='ltr'><strong>conferimus,</strong></span> <span class='ocrx_word' id='word_1_10' title='bbox 850 437 1063 508; x_wconf 83' lang='lat' dir='ltr'><strong>perspectum</strong></span> <span class='ocrx_word' id='word_1_11' title='bbox 1089 425 1204 489; x_wconf 88' lang='lat' dir='ltr'><strong>nobis</strong></span> <span class='ocrx_word' id='word_1_12' title='bbox 1224 429 1284 490; x_wconf 86' lang='lat' dir='ltr'><strong>erit</strong></span> 
     </span>
    </p>
   </div>
   <div class='ocr_carea' id='block_1_3' title="bbox 190 521 1383 613">
    <p class='ocr_par' dir='ltr' id='par_1_3' title="bbox 190 521 1383 613">
     <span class='ocr_line' id='line_1_3' title="bbox 190 521 1383 613; baseline 0.001 -21"><span class='ocrx_word' id='word_1_13' title='bbox 190 530 345 607; x_wconf 87' lang='lat' dir='ltr'><strong>alterum,</strong></span> <span class='ocrx_word' id='word_1_14' title='bbox 364 525 443 590; x_wconf 91' lang='lat' dir='ltr'><strong>dum</strong></span> <span class='ocrx_word' id='word_1_15' title='bbox 465 526 608 613; x_wconf 87' lang='lat' dir='ltr'><strong>priorem</strong></span> <span class='ocrx_word' id='word_1_16' title='bbox 627 525 794 612; x_wconf 83' lang='lat' dir='ltr'><strong>sequitur,</strong></span> <span class='ocrx_word' id='word_1_17' title='bbox 824 524 925 586; x_wconf 90' lang='lat' dir='ltr'><strong>multa</strong></span> <span class='ocrx_word' id='word_1_18' title='bbox 949 521 989 586; x_wconf 93' lang='lat' dir='ltr'><strong>ad</strong></span> <span class='ocrx_word' id='word_1_19' title='bbox 1019 547 1098 588; x_wconf 87' lang='lat' dir='ltr'><strong>rem</strong></span> <span class='ocrx_word' id='word_1_20' title='bbox 1134 529 1282 592; x_wconf 82' lang='lat' dir='ltr'><strong>maxime</strong></span> <span class='ocrx_word' id='word_1_21' title='bbox 1381 554 1383 564; x_wconf 62' lang='grc'><strong>“</strong></span> 
     </span>
    </p>
   </div>
   <div class='ocr_carea' id='block_1_4' title="bbox 121 625 1282 3951">
    <p class='ocr_par' dir='ltr' id='par_1_4' title="bbox 121 625 1282 1314">
     <span class='ocr_line' id='line_1_4' title="bbox 189 625 1282 717; baseline 0.004 -26"><span class='ocrx_word' id='word_1_22' title='bbox 189 628 381 717; x_wconf 77' lang='lat' dir='ltr'><strong>pertinentia</strong></span> <span class='ocrx_word' id='word_1_23' title='bbox 394 627 555 709; x_wconf 88' lang='lat' dir='ltr'><strong>omisisse,</strong></span> <span class='ocrx_word' id='word_1_24' title='bbox 568 626 669 689; x_wconf 89' lang='lat' dir='ltr'><strong>multa</strong></span> <span class='ocrx_word' id='word_1_25' title='bbox 679 646 758 689; x_wconf 83' lang='lat' dir='ltr'><strong>vero</strong></span> <span class='ocrx_word' id='word_1_26' title='bbox 769 647 809 687; x_wconf 86' lang='lat' dir='ltr'><strong>ex</strong></span> <span class='ocrx_word' id='word_1_27' title='bbox 819 625 951 712; x_wconf 83' lang='lat' dir='ltr'><strong>ingenio</strong></span> <span class='ocrx_word' id='word_1_28' title='bbox 965 641 1023 688; x_wconf 90' lang='lat' dir='ltr'><strong>aut</strong></span> <span class='ocrx_word' id='word_1_29' title='bbox 1034 628 1138 716; x_wconf 83' lang='lat' dir='ltr'><strong>vulgi</strong></span> <span class='ocrx_word' id='word_1_30' title='bbox 1152 650 1282 694; x_wconf 88' lang='lat' dir='ltr'><strong>sermo·</strong></span> 
     </span>
     <span class='ocr_line' id='line_1_5' title="bbox 191 725 1279 814; baseline 0.004 -24"><span class='ocrx_word' id='word_1_31' title='bbox 191 728 287 792; x_wconf 90' lang='lat' dir='ltr'><strong>nibus</strong></span> <span class='ocrx_word' id='word_1_32' title='bbox 308 726 486 807; x_wconf 83' lang='lat' dir='ltr'><strong>addidisse,</strong></span> <span class='ocrx_word' id='word_1_33' title='bbox 504 749 576 814; x_wconf 73' lang='lat' dir='ltr'><strong>quae</strong></span> <span class='ocrx_word' id='word_1_34' title='bbox 599 749 721 789; x_wconf 88' lang='lat' dir='ltr'><strong>novum</strong></span> <span class='ocrx_word' id='word_1_35' title='bbox 746 725 912 806; x_wconf 84' lang='lat' dir='ltr'><strong>ordinem,</strong></span> <span class='ocrx_word' id='word_1_36' title='bbox 932 749 1053 790; x_wconf 80' lang='lat' dir='ltr'><strong>noram</strong></span> <span class='ocrx_word' id='word_1_37' title='bbox 1075 751 1207 794; x_wconf 78' lang='lat' dir='ltr'><strong>rerum</strong></span> <span class='ocrx_word' id='word_1_38' title='bbox 1230 733 1279 795; x_wconf 83' lang='lat' dir='ltr'><strong>fa·</strong></span> 
     </span>
     <span class='ocr_line' id='line_1_6' title="bbox 190 827 1278 916; baseline -0.002 -23"><span class='ocrx_word' id='word_1_39' title='bbox 190 830 272 893; x_wconf 89' lang='lat' dir='ltr'><strong>ciem</strong></span> <span class='ocrx_word' id='word_1_40' title='bbox 290 829 471 909; x_wconf 76' lang='lat' dir='ltr'><strong>inducunt,</strong></span> <span class='ocrx_word' id='word_1_41' title='bbox 489 830 557 892; x_wconf 92' lang='lat' dir='ltr'><strong>imo</strong></span> <span class='ocrx_word' id='word_1_42' title='bbox 581 829 747 892; x_wconf 83' lang='lat' dir='ltr'><strong>obstacula</strong></span> <span class='ocrx_word' id='word_1_43' title='bbox 762 844 795 892; x_wconf 83' lang='lat' dir='ltr'><strong>et</strong></span> <span class='ocrx_word' id='word_1_44' title='bbox 817 827 1020 891; x_wconf 83' lang='lat' dir='ltr'><strong>difficultates</strong></span> <span class='ocrx_word' id='word_1_45' title='bbox 1043 853 1146 916; x_wconf 86' lang='lat' dir='ltr'><strong>quas.</strong></span> <span class='ocrx_word' id='word_1_46' title='bbox 1161 833 1213 898; x_wconf 71' lang='lat' dir='ltr'><strong>de‘</strong></span> <span class='ocrx_word' id='word_1_47' title='bbox 1225 835 1278 896; x_wconf 74' lang='lat' dir='ltr'><strong>isi,</strong></span> 
     </span>
     <span class='ocr_line' id='line_1_7' title="bbox 188 921 1276 1018; baseline 0.006 -24"><span class='ocrx_word' id='word_1_48' title='bbox 188 936 269 996; x_wconf 83' lang='lat' dir='ltr'><strong>nere</strong></span> <span class='ocrx_word' id='word_1_49' title='bbox 288 921 478 994; x_wconf 75' lang='lat' dir='ltr'><strong>Hannibalis</strong></span> <span class='ocrx_word' id='word_1_50' title='bbox 493 941 602 994; x_wconf 85' lang='lat' dir='ltr'><strong>narrat</strong></span> <span class='ocrx_word' id='word_1_51' title='bbox 617 930 789 1018; x_wconf 80' lang='lat' dir='ltr'><strong>Polybius,</strong></span> <span class='ocrx_word' id='word_1_52' title='bbox 808 931 843 993; x_wconf 90' lang='lat' dir='ltr'><strong>in</strong></span> <span class='ocrx_word' id='word_1_53' title='bbox 859 930 922 994; x_wconf 88' lang='lat' dir='ltr'><strong>iter</strong></span> <span class='ocrx_word' id='word_1_54' title='bbox 935 930 1033 995; x_wconf 38' lang='lat' dir='ltr'><strong>aliud*</strong></span> <span class='ocrx_word' id='word_1_55' title='bbox 1042 937 1276 1001; x_wconf 81' lang='lat' dir='ltr'><strong>transtulisse.</strong></span> 
     </span>
     <span class='ocr_line' id='line_1_8' title="bbox 121 1031 1275 1120; baseline 0.006 -25"><span class='ocrx_word' id='word_1_56' title='bbox 121 1068 123 1072; x_wconf 56' lang='lat'>&gt;</span> <span class='ocrx_word' id='word_1_57' title='bbox 189 1031 414 1120; x_wconf 83' lang='lat' dir='ltr'><strong>Unde-magna</strong></span> <span class='ocrx_word' id='word_1_58' title='bbox 424 1032 513 1095; x_wconf 84' lang='lat' dir='ltr'><strong>venit</strong></span> <span class='ocrx_word' id='word_1_59' title='bbox 527 1031 696 1119; x_wconf 77' lang='lat' dir='ltr'><strong>quaestioni</strong></span> <span class='ocrx_word' id='word_1_60' title='bbox 714 1033 911 1096; x_wconf 78' lang='lat' dir='ltr'><strong>obscuritas:</strong></span> <span class='ocrx_word' id='word_1_61' title='bbox 928 1044 1034 1119; x_wconf 82' lang='lat' dir='ltr'><strong>quum</strong></span> <span class='ocrx_word' id='word_1_62' title='bbox 1045 1033 1127 1098; x_wconf 86' lang='lat' dir='ltr'><strong>duo</strong></span> <span class='ocrx_word' id='word_1_63' title='bbox 1139 1037 1275 1118; x_wconf 87' lang='lat' dir='ltr'><strong>itinera,</strong></span> 
     </span>
     <span class='ocr_line' id='line_1_9' title="bbox 190 1133 1274 1222; baseline 0.006 -25"><span class='ocrx_word' id='word_1_64' title='bbox 190 1133 318 1197; x_wconf 86' lang='lat' dir='ltr'><strong>diverso</strong></span> <span class='ocrx_word' id='word_1_65' title='bbox 344 1133 510 1222; x_wconf 84' lang='lat' dir='ltr'><strong>ingressu,</strong></span> <span class='ocrx_word' id='word_1_66' title='bbox 536 1133 662 1196; x_wconf 87' lang='lat' dir='ltr'><strong>diverso</strong></span> <span class='ocrx_word' id='word_1_67' title='bbox 687 1133 767 1214; x_wconf 84' lang='lat' dir='ltr'><strong>fine,</strong></span> <span class='ocrx_word' id='word_1_68' title='bbox 792 1135 950 1197; x_wconf 85' lang='lat' dir='ltr'><strong>tamensi</strong></span> <span class='ocrx_word' id='word_1_69' title='bbox 974 1134 1131 1200; x_wconf 85' lang='lat' dir='ltr'><strong>medium</strong></span> <span class='ocrx_word' id='word_1_70' title='bbox 1156 1161 1274 1203; x_wconf 81' lang='lat' dir='ltr'><strong>narra·</strong></span> 
     </span>
     <span class='ocr_line' id='line_1_10' title="bbox 192 1224 1079 1314; baseline 0.003 -17"><span class='ocrx_word' id='word_1_71' title='bbox 192 1230 287 1297; x_wconf 84' lang='lat' dir='ltr'><strong>tioriis</strong></span> <span class='ocrx_word' id='word_1_72' title='bbox 299 1224 462 1314; x_wconf 82' lang='lat' dir='ltr'><strong>attendas,</strong></span> <span class='ocrx_word' id='word_1_73' title='bbox 475 1257 580 1297; x_wconf 90' lang='lat' dir='ltr'><strong>unum</strong></span> <span class='ocrx_word' id='word_1_74' title='bbox 593 1250 624 1297; x_wconf 89' lang='lat' dir='ltr'><strong>et</strong></span> <span class='ocrx_word' id='word_1_75' title='bbox 638 1234 723 1299; x_wconf 91' lang='lat' dir='ltr'><strong>idem</strong></span> <span class='ocrx_word' id='word_1_76' title='bbox 739 1235 798 1298; x_wconf 90' lang='lat' dir='ltr'><strong>iter</strong></span> <span class='ocrx_word' id='word_1_77' title='bbox 812 1257 881 1298; x_wconf 90' lang='lat' dir='ltr'><strong>esse</strong></span> <span class='ocrx_word' id='word_1_78' title='bbox 895 1235 1079 1300; x_wconf 90' lang='lat' dir='ltr'><strong>videantur.</strong></span> 
     </span>
    </p>

    <p class='ocr_par' dir='ltr' id='par_1_5' title="bbox 187 1325 1271 2108">
     <span class='ocr_line' id='line_1_11' title="bbox 234 1325 1271 1424; baseline 0.003 -25"><span class='ocrx_word' id='word_1_79' title='bbox 234 1338 283 1400; x_wconf 92' lang='lat' dir='ltr'><strong>De</strong></span> <span class='ocrx_word' id='word_1_80' title='bbox 299 1325 437 1399; x_wconf 83' lang='lat' dir='ltr'><strong>transitu</strong></span> <span class='ocrx_word' id='word_1_81' title='bbox 450 1336 580 1422; x_wconf 87' lang='lat' dir='ltr'><strong>Alpium</strong></span> <span class='ocrx_word' id='word_1_82' title='bbox 598 1337 699 1399; x_wconf 91' lang='lat' dir='ltr'><strong>multa</strong></span> <span class='ocrx_word' id='word_1_83' title='bbox 716 1334 961 1424; x_wconf 87' lang='lat' dir='ltr'><strong>disputaverunt</strong></span> <span class='ocrx_word' id='word_1_84' title='bbox 975 1336 1037 1399; x_wconf 88' lang='lat' dir='ltr'><strong>viri</strong></span> <span class='ocrx_word' id='word_1_85' title='bbox 1050 1339 1146 1402; x_wconf 83' lang='lat' dir='ltr'><strong>inter</strong></span> <span class='ocrx_word' id='word_1_86' title='bbox 1159 1363 1271 1404; x_wconf 87' lang='lat' dir='ltr'><strong>recen-</strong></span> 
     </span>
     <span class='ocr_line' id='line_1_12' title="bbox 189 1437 1269 1524; baseline 0.002 -24"><span class='ocrx_word' id='word_1_87' title='bbox 189 1439 286 1502; x_wconf 86' lang='lat' dir='ltr'><strong>tiores</strong></span> <span class='ocrx_word' id='word_1_88' title='bbox 307 1437 499 1517; x_wconf 85' lang='lat' dir='ltr'><strong>doctissimi,</strong></span> <span class='ocrx_word' id='word_1_89' title='bbox 523 1461 664 1524; x_wconf 90' lang='lat' dir='ltr'><strong>quorum</strong></span> <span class='ocrx_word' id='word_1_90' title='bbox 686 1438 777 1524; x_wconf 88' lang='lat' dir='ltr'><strong>quasi</strong></span> <span class='ocrx_word' id='word_1_91' title='bbox 798 1439 833 1519; x_wconf 85' lang='lat' dir='ltr'><strong>in</strong></span> <span class='ocrx_word' id='word_1_92' title='bbox 854 1437 933 1500; x_wconf 88' lang='lat' dir='ltr'><strong>duas</strong></span> <span class='ocrx_word' id='word_1_93' title='bbox 953 1437 1037 1501; x_wconf 89' lang='lat' dir='ltr'><strong>acies</strong></span> <span class='ocrx_word' id='word_1_94' title='bbox 1058 1438 1269 1504; x_wconf 85' lang='lat' dir='ltr'><strong>descenden-</strong></span> 
     </span>
     <span class='ocr_line' id='line_1_13' title="bbox 189 1537 1265 1627; baseline 0.001 -24"><span class='ocrx_word' id='word_1_95' title='bbox 189 1541 289 1621; x_wconf 75' lang='lat' dir='ltr'><strong>tium,</strong></span> <span class='ocrx_word' id='word_1_96' title='bbox 308 1540 360 1602; x_wconf 87' lang='lat' dir='ltr'><strong>alii</strong></span> <span class='ocrx_word' id='word_1_97' title='bbox 374 1555 461 1602; x_wconf 90' lang='lat' dir='ltr'><strong>stant</strong></span> <span class='ocrx_word' id='word_1_98' title='bbox 476 1562 494 1601; x_wconf 93' lang='lat' dir='ltr'><strong>e</strong></span> <span class='ocrx_word' id='word_1_99' title='bbox 512 1538 638 1627; x_wconf 86' lang='lat' dir='ltr'><strong>Polybii</strong></span> <span class='ocrx_word' id='word_1_100' title='bbox 657 1538 819 1627; x_wconf 88' lang='lat' dir='ltr'><strong>partibus,</strong></span> <span class='ocrx_word' id='word_1_101' title='bbox 835 1537 888 1601; x_wconf 89' lang='lat' dir='ltr'><strong>alii</strong></span> <span class='ocrx_word' id='word_1_102' title='bbox 908 1560 969 1624; x_wconf 87' lang='lat' dir='ltr'><strong>pro</strong></span> <span class='ocrx_word' id='word_1_103' title='bbox 989 1537 1083 1601; x_wconf 90' lang='lat' dir='ltr'><strong>Livio</strong></span> <span class='ocrx_word' id='word_1_104' title='bbox 1101 1541 1265 1622; x_wconf 76' lang='lat' dir='ltr'><strong>militant,</strong></span> 
     </span>
     <span class='ocr_line' id='line_1_14' title="bbox 188 1640 1264 1729; baseline 0.001 -25"><span class='ocrx_word' id='word_1_105' title='bbox 188 1642 232 1704; x_wconf 89' lang='lat' dir='ltr'><strong>ita</strong></span> <span class='ocrx_word' id='word_1_106' title='bbox 256 1657 362 1704; x_wconf 89' lang='lat' dir='ltr'><strong>tamen</strong></span> <span class='ocrx_word' id='word_1_107' title='bbox 380 1656 417 1704; x_wconf 92' lang='lat' dir='ltr'><strong>ut</strong></span> <span class='ocrx_word' id='word_1_108' title='bbox 435 1640 548 1703; x_wconf 89' lang='lat' dir='ltr'><strong>ambos</strong></span> <span class='ocrx_word' id='word_1_109' title='bbox 571 1662 766 1726; x_wconf 89' lang='lat' dir='ltr'><strong>componere</strong></span> <span class='ocrx_word' id='word_1_110' title='bbox 791 1641 964 1720; x_wconf 88' lang='lat' dir='ltr'><strong>enitantur,</strong></span> <span class='ocrx_word' id='word_1_111' title='bbox 982 1654 1015 1702; x_wconf 88' lang='lat' dir='ltr'><strong>et</strong></span> <span class='ocrx_word' id='word_1_112' title='bbox 1036 1643 1264 1729; x_wconf 82' lang='lat' dir='ltr'><strong>narrationem</strong></span> 
     </span>
     <span class='ocr_line' id='line_1_15' title="bbox 189 1740 1263 1831; baseline 0.002 -27"><span class='ocrx_word' id='word_1_113' title='bbox 189 1741 331 1830; x_wconf 82' lang='lat' dir='ltr'><strong>Polybii,</strong></span> <span class='ocrx_word' id='word_1_114' title='bbox 348 1740 588 1828; x_wconf 81' lang='lat' dir='ltr'><strong>quamrejicere</strong></span> <span class='ocrx_word' id='word_1_115' title='bbox 601 1756 783 1827; x_wconf 89' lang='lat' dir='ltr'><strong>nequeunt,</strong></span> <span class='ocrx_word' id='word_1_116' title='bbox 797 1741 972 1805; x_wconf 87' lang='lat' dir='ltr'><strong>narrationi</strong></span> <span class='ocrx_word' id='word_1_117' title='bbox 981 1741 1124 1804; x_wconf 87' lang='lat' dir='ltr'><strong>Livianae</strong></span> <span class='ocrx_word' id='word_1_118' title='bbox 1143 1759 1263 1831; x_wconf 82' lang='lat' dir='ltr'><strong>cogant</strong></span> 
     </span>
     <span class='ocr_line' id='line_1_16' title="bbox 190 1840 1263 1928; baseline 0.003 -24"><span class='ocrx_word' id='word_1_119' title='bbox 190 1842 364 1904; x_wconf 86' lang='lat' dir='ltr'><strong>inservire:</strong></span> <span class='ocrx_word' id='word_1_120' title='bbox 388 1840 576 1927; x_wconf 76' lang='lat' dir='ltr'><strong>perinde&#39;ac</strong></span> <span class='ocrx_word' id='word_1_121' title='bbox 595 1842 620 1903; x_wconf 89' lang='lat' dir='ltr'><strong>si</strong></span> <span class='ocrx_word' id='word_1_122' title='bbox 641 1842 712 1928; x_wconf 92' lang='lat' dir='ltr'><strong>quis</strong></span> <span class='ocrx_word' id='word_1_123' title='bbox 729 1842 812 1905; x_wconf 91' lang='lat' dir='ltr'><strong>duos</strong></span> <span class='ocrx_word' id='word_1_124' title='bbox 828 1843 994 1923; x_wconf 87' lang='lat' dir='ltr'><strong>homines,</strong></span> <span class='ocrx_word' id='word_1_125' title='bbox 1015 1843 1157 1906; x_wconf 84' lang='lat' dir='ltr'><strong>alterum</strong></span> <span class='ocrx_word' id='word_1_126' title='bbox 1182 1844 1263 1907; x_wconf 84' lang='lat' dir='ltr'><strong>dex·</strong></span> 
     </span>
     <span class='ocr_line' id='line_1_17' title="bbox 188 1942 1260 2032; baseline 0.001 -26"><span class='ocrx_word' id='word_1_127' title='bbox 188 1960 289 2024; x_wconf 88' lang='lat' dir='ltr'><strong>tram,</strong></span> <span class='ocrx_word' id='word_1_128' title='bbox 310 1943 446 2005; x_wconf 88' lang='lat' dir='ltr'><strong>alterum</strong></span> <span class='ocrx_word' id='word_1_129' title='bbox 461 1942 622 2005; x_wconf 87' lang='lat' dir='ltr'><strong>sinistram</strong></span> <span class='ocrx_word' id='word_1_130' title='bbox 636 1944 721 2006; x_wconf 84' lang='lat' dir='ltr'><strong>viam</strong></span> <span class='ocrx_word' id='word_1_131' title='bbox 743 1944 921 2032; x_wconf 79' lang='lat' dir='ltr'><strong>ingressos,</strong></span> <span class='ocrx_word' id='word_1_132' title='bbox 937 1944 971 2006; x_wconf 91' lang='lat' dir='ltr'><strong>in</strong></span> <span class='ocrx_word' id='word_1_133' title='bbox 993 1965 1101 2006; x_wconf 91' lang='lat' dir='ltr'><strong>unum</strong></span> <span class='ocrx_word' id='word_1_134' title='bbox 1125 1944 1260 2008; x_wconf 87' lang='lat' dir='ltr'><strong>tandem</strong></span> 
     </span>
     <span class='ocr_line' id='line_1_18' title="bbox 187 2041 692 2108; baseline -0.002 0"><span class='ocrx_word' id='word_1_135' title='bbox 187 2047 295 2108; x_wconf 91' lang='lat' dir='ltr'><strong>locum</strong></span> <span class='ocrx_word' id='word_1_136' title='bbox 310 2044 456 2105; x_wconf 85' lang='lat' dir='ltr'><strong>coituros</strong></span> <span class='ocrx_word' id='word_1_137' title='bbox 472 2041 692 2107; x_wconf 81' lang='lat' dir='ltr'><strong>contenderet.</strong></span> 
     </span>
    </p>

    <p class='ocr_par' dir='ltr' id='par_1_6' title="bbox 176 2143 1260 3951">
     <span class='ocr_line' id='line_1_19' title="bbox 232 2143 1260 2236; baseline 0.002 -28"><span class='ocrx_word' id='word_1_138' title='bbox 232 2145 426 2231; x_wconf 82' lang='lat' dir='ltr'><strong>Priusquam</strong></span> <span class='ocrx_word' id='word_1_139' title='bbox 446 2143 622 2230; x_wconf 88' lang='lat' dir='ltr'><strong>veroquid</strong></span> <span class='ocrx_word' id='word_1_140' title='bbox 643 2145 703 2231; x_wconf 90' lang='lat' dir='ltr'><strong>ipsi</strong></span> <span class='ocrx_word' id='word_1_141' title='bbox 723 2167 927 2226; x_wconf 87' lang='lat' dir='ltr'><strong>censeamus,</strong></span> <span class='ocrx_word' id='word_1_142' title='bbox 944 2145 1181 2233; x_wconf 85' lang='lat' dir='ltr'><strong>exponendum</strong></span> <span class='ocrx_word' id='word_1_143' title='bbox 1204 2171 1260 2236; x_wconf 82' lang='lat' dir='ltr'><strong>ag·</strong></span> 
     </span>
     <span class='ocr_line' id='line_1_20' title="bbox 188 2245 1258 2337; baseline 0 -26"><span class='ocrx_word' id='word_1_144' title='bbox 188 2245 386 2337; x_wconf 81' lang='lat' dir='ltr'><strong>gradiamur,</strong></span> <span class='ocrx_word' id='word_1_145' title='bbox 402 2269 507 2310; x_wconf 90' lang='lat' dir='ltr'><strong>unum</strong></span> <span class='ocrx_word' id='word_1_146' title='bbox 525 2262 573 2308; x_wconf 86' lang='lat' dir='ltr'><strong>est</strong></span> <span class='ocrx_word' id='word_1_147' title='bbox 595 2246 943 2326; x_wconf 81' lang='lat' dir='ltr'><strong>animadvertendum-3</strong></span> <span class='ocrx_word' id='word_1_148' title='bbox 966 2246 1141 2310; x_wconf 85' lang='lat' dir='ltr'><strong>scilicetin</strong></span> <span class='ocrx_word' id='word_1_149' title='bbox 1162 2249 1258 2311; x_wconf 79' lang='lat' dir='ltr'><strong>variis</strong></span> 
     </span>
     <span class='ocr_line' id='line_1_21' title="bbox 189 2346 1259 2433; baseline 0.004 -23"><span class='ocrx_word' id='word_1_150' title='bbox 189 2346 363 2411; x_wconf 90' lang='lat' dir='ltr'><strong>doctorum</strong></span> <span class='ocrx_word' id='word_1_151' title='bbox 378 2347 419 2411; x_wconf 90' lang='lat' dir='ltr'><strong>de</strong></span> <span class='ocrx_word' id='word_1_152' title='bbox 435 2348 495 2409; x_wconf 87' lang='lat' dir='ltr'><strong>hac</strong></span> <span class='ocrx_word' id='word_1_153' title='bbox 513 2346 690 2433; x_wconf 80' lang='lat' dir='ltr'><strong>quaestione</strong></span> <span class='ocrx_word' id='word_1_154' title='bbox 704 2347 960 2427; x_wconf 86' lang='lat' dir='ltr'><strong>commentariis,</strong></span> <span class='ocrx_word' id='word_1_155' title='bbox 978 2347 1116 2411; x_wconf 86' lang='lat' dir='ltr'><strong>multam</strong></span> <span class='ocrx_word' id='word_1_156' title='bbox 1132 2347 1259 2415; x_wconf 89' lang='lat' dir='ltr'><strong>doetri-</strong></span> 
     </span>
     <span class='ocr_line' id='line_1_22' title="bbox 189 2449 1260 2537; baseline 0.001 -25"><span class='ocrx_word' id='word_1_157' title='bbox 189 2473 281 2531; x_wconf 86' lang='lat' dir='ltr'><strong>nam,</strong></span> <span class='ocrx_word' id='word_1_158' title='bbox 295 2451 430 2512; x_wconf 91' lang='lat' dir='ltr'><strong>multam</strong></span> <span class='ocrx_word' id='word_1_159' title='bbox 444 2451 591 2512; x_wconf 87' lang='lat' dir='ltr'><strong>locorum</strong></span> <span class='ocrx_word' id='word_1_160' title='bbox 605 2449 769 2530; x_wconf 87' lang='lat' dir='ltr'><strong>notitiam,</strong></span> <span class='ocrx_word' id='word_1_161' title='bbox 784 2450 925 2511; x_wconf 90' lang='lat' dir='ltr'><strong>multum</strong></span> <span class='ocrx_word' id='word_1_162' title='bbox 937 2450 971 2512; x_wconf 92' lang='lat' dir='ltr'><strong>in</strong></span> <span class='ocrx_word' id='word_1_163' title='bbox 985 2449 1200 2537; x_wconf 82' lang='lat' dir='ltr'><strong>explanandis</strong></span> <span class='ocrx_word' id='word_1_164' title='bbox 1211 2473 1260 2513; x_wconf 86' lang='lat' dir='ltr'><strong>ve·</strong></span> 
     </span>
     <span class='ocr_line' id='line_1_23' title="bbox 189 2544 1258 2638; baseline 0 -23"><span class='ocrx_word' id='word_1_165' title='bbox 189 2567 295 2615; x_wconf 89' lang='lat' dir='ltr'><strong>terum</strong></span> <span class='ocrx_word' id='word_1_166' title='bbox 319 2552 444 2638; x_wconf 84' lang='lat' dir='ltr'><strong>scriptis</strong></span> <span class='ocrx_word' id='word_1_167' title='bbox 464 2571 618 2628; x_wconf 90' lang='lat' dir='ltr'><strong>acumen,</strong></span> <span class='ocrx_word' id='word_1_168' title='bbox 638 2565 669 2611; x_wconf 86' lang='lat' dir='ltr'><strong>et</strong></span> <span class='ocrx_word' id='word_1_169' title='bbox 688 2544 908 2612; x_wconf 37' lang='lat' dir='ltr'><strong>subtilitatem*</strong></span> <span class='ocrx_word' id='word_1_170' title='bbox 919 2550 1123 2637; x_wconf 88' lang='lat' dir='ltr'><strong>deprehendi</strong></span> <span class='ocrx_word' id='word_1_171' title='bbox 1141 2573 1258 2638; x_wconf 90' lang='lat' dir='ltr'><strong>posse;</strong></span> 
     </span>
     <span class='ocr_line' id='line_1_24' title="bbox 189 2650 1258 2739; baseline 0.002 -25"><span class='ocrx_word' id='word_1_172' title='bbox 189 2652 258 2715; x_wconf 87' lang='lat' dir='ltr'><strong>haec</strong></span> <span class='ocrx_word' id='word_1_173' title='bbox 273 2668 423 2714; x_wconf 89' lang='lat' dir='ltr'><strong>tantum:</strong></span> <span class='ocrx_word' id='word_1_174' title='bbox 442 2672 539 2713; x_wconf 87' lang='lat' dir='ltr'><strong>nemo</strong></span> <span class='ocrx_word' id='word_1_175' title='bbox 551 2666 667 2714; x_wconf 61' lang='lat' dir='ltr'><strong>&#39;autem</strong></span> <span class='ocrx_word' id='word_1_176' title='bbox 686 2673 724 2714; x_wconf 85' lang='lat' dir='ltr'><strong>ex</strong></span> <span class='ocrx_word' id='word_1_177' title='bbox 741 2652 794 2732; x_wconf 89' lang='lat' dir='ltr'><strong>iis,</strong></span> <span class='ocrx_word' id='word_1_178' title='bbox 815 2668 853 2714; x_wconf 90' lang='lat' dir='ltr'><strong>ut</strong></span> <span class='ocrx_word' id='word_1_179' title='bbox 868 2653 963 2716; x_wconf 90' lang='lat' dir='ltr'><strong>nobis</strong></span> <span class='ocrx_word' id='word_1_180' title='bbox 984 2650 1129 2734; x_wconf 84' lang='lat' dir='ltr'><strong>videtur,</strong></span> <span class='ocrx_word' id='word_1_181' title='bbox 1152 2675 1258 2739; x_wconf 90' lang='lat' dir='ltr'><strong>quum</strong></span> 
     </span>
     <span class='ocr_line' id='line_1_25' title="bbox 188 2751 1258 2840; baseline 0.003 -25"><span class='ocrx_word' id='word_1_182' title='bbox 188 2751 229 2815; x_wconf 89' lang='lat' dir='ltr'><strong>de</strong></span> <span class='ocrx_word' id='word_1_183' title='bbox 240 2751 421 2815; x_wconf 85' lang='lat' dir='ltr'><strong>Hannibale</strong></span> <span class='ocrx_word' id='word_1_184' title='bbox 441 2751 701 2837; x_wconf 68' lang='lat' dir='ltr'><strong>praestantissimo</strong></span> <span class='ocrx_word' id='word_1_185' title='bbox 717 2753 803 2816; x_wconf 89' lang='lat' dir='ltr'><strong>inter</strong></span> <span class='ocrx_word' id='word_1_186' title='bbox 821 2753 944 2840; x_wconf 83' lang='lat' dir='ltr'><strong>priscos</strong></span> <span class='ocrx_word' id='word_1_187' title='bbox 960 2755 1175 2840; x_wconf 83' lang='lat' dir='ltr'><strong>imperatores</strong></span> <span class='ocrx_word' id='word_1_188' title='bbox 1189 2756 1258 2819; x_wconf 80' lang='lat' dir='ltr'><strong>viro</strong></span> 
     </span>
     <span class='ocr_line' id='line_1_26' title="bbox 187 2851 1259 2941; baseline 0.006 -28"><span class='ocrx_word' id='word_1_189' title='bbox 187 2867 346 2941; x_wconf 83' lang='lat' dir='ltr'><strong>ageretur,</strong></span> <span class='ocrx_word' id='word_1_190' title='bbox 368 2851 401 2914; x_wconf 92' lang='lat' dir='ltr'><strong>id</strong></span> <span class='ocrx_word' id='word_1_191' title='bbox 420 2851 588 2939; x_wconf 82' lang='lat' dir='ltr'><strong>cogitavit,</strong></span> <span class='ocrx_word' id='word_1_192' title='bbox 607 2869 826 2940; x_wconf 91' lang='lat' dir='ltr'><strong>opportunam</strong></span> <span class='ocrx_word' id='word_1_193' title='bbox 845 2853 1024 2918; x_wconf 89' lang='lat' dir='ltr'><strong>admodum</strong></span> <span class='ocrx_word' id='word_1_194' title='bbox 1043 2855 1259 2919; x_wconf 90' lang='lat' dir='ltr'><strong>tutissimam·</strong></span> 
     </span>
     <span class='ocr_line' id='line_1_27' title="bbox 188 2953 1257 3043; baseline 0.005 -27"><span class='ocrx_word' id='word_1_195' title='bbox 188 2977 252 3041; x_wconf 90' lang='lat' dir='ltr'><strong>que</strong></span> <span class='ocrx_word' id='word_1_196' title='bbox 268 2953 352 3016; x_wconf 87' lang='lat' dir='ltr'><strong>viam</strong></span> <span class='ocrx_word' id='word_1_197' title='bbox 369 2953 622 3040; x_wconf 87' lang='lat' dir='ltr'><strong>prudentissimo</strong></span> <span class='ocrx_word' id='word_1_198' title='bbox 643 2954 720 3018; x_wconf 91' lang='lat' dir='ltr'><strong>duci</strong></span> <span class='ocrx_word' id='word_1_199' title='bbox 742 2955 830 3018; x_wconf 90' lang='lat' dir='ltr'><strong>haud</strong></span> <span class='ocrx_word' id='word_1_200' title='bbox 851 2955 949 3020; x_wconf 92' lang='lat' dir='ltr'><strong>dubie</strong></span> <span class='ocrx_word' id='word_1_201' title='bbox 971 2956 1139 3043; x_wconf 82' lang='lat' dir='ltr'><strong>placuisse.</strong></span> <span class='ocrx_word' id='word_1_202' title='bbox 1158 2957 1257 3021; x_wconf 89' lang='lat' dir='ltr'><strong>Unde</strong></span> 
     </span>
     <span class='ocr_line' id='line_1_28' title="bbox 187 3049 1257 3142; baseline 0.006 -26"><span class='ocrx_word' id='word_1_203' title='bbox 187 3049 274 3117; x_wconf 87' lang='lat' dir='ltr'><strong>enini</strong></span> <span class='ocrx_word' id='word_1_204' title='bbox 304 3055 468 3141; x_wconf 79' lang='lat' dir='ltr'><strong>profectus</strong></span> <span class='ocrx_word' id='word_1_205' title='bbox 496 3055 677 3137; x_wconf 89' lang='lat' dir='ltr'><strong>Hannibal,</strong></span> <span class='ocrx_word' id='word_1_206' title='bbox 703 3073 736 3119; x_wconf 91' lang='lat' dir='ltr'><strong>et</strong></span> <span class='ocrx_word' id='word_1_207' title='bbox 760 3078 827 3142; x_wconf 92' lang='lat' dir='ltr'><strong>quo</strong></span> <span class='ocrx_word' id='word_1_208' title='bbox 856 3057 1019 3138; x_wconf 87' lang='lat' dir='ltr'><strong>tenderet,</strong></span> <span class='ocrx_word' id='word_1_209' title='bbox 1048 3057 1257 3122; x_wconf 84' lang='lat' dir='ltr'><strong>considerare</strong></span> 
     </span>
     <span class='ocr_line' id='line_1_29' title="bbox 186 3153 1259 3249; baseline 0.007 -31"><span class='ocrx_word' id='word_1_210' title='bbox 186 3177 292 3242; x_wconf 87' lang='lat' dir='ltr'><strong>operae</strong></span> <span class='ocrx_word' id='word_1_211' title='bbox 306 3153 446 3242; x_wconf 88' lang='lat' dir='ltr'><strong>pretium</strong></span> <span class='ocrx_word' id='word_1_212' title='bbox 463 3170 547 3236; x_wconf 83' lang='lat' dir='ltr'><strong>erat3</strong></span> <span class='ocrx_word' id='word_1_213' title='bbox 572 3179 678 3244; x_wconf 85' lang='lat' dir='ltr'><strong>neque</strong></span> <span class='ocrx_word' id='word_1_214' title='bbox 700 3159 802 3220; x_wconf 92' lang='lat' dir='ltr'><strong>multa</strong></span> <span class='ocrx_word' id='word_1_215' title='bbox 823 3181 895 3246; x_wconf 89' lang='lat' dir='ltr'><strong>quae</strong></span> <span class='ocrx_word' id='word_1_216' title='bbox 917 3159 958 3222; x_wconf 92' lang='lat' dir='ltr'><strong>ad</strong></span> <span class='ocrx_word' id='word_1_217' title='bbox 973 3176 1072 3222; x_wconf 88' lang='lat' dir='ltr'><strong>artem</strong></span> <span class='ocrx_word' id='word_1_218' title='bbox 1089 3160 1170 3224; x_wconf 91' lang='lat' dir='ltr'><strong>belli</strong></span> <span class='ocrx_word' id='word_1_219' title='bbox 1186 3184 1259 3249; x_wconf 84' lang='lat' dir='ltr'><strong>spe-</strong></span> 
     </span>
     <span class='ocr_line' id='line_1_30' title="bbox 187 3255 1257 3346; baseline 0.008 -28"><span class='ocrx_word' id='word_1_220' title='bbox 187 3272 293 3336; x_wconf 84' lang='lat' dir='ltr'><strong>ctant,</strong></span> <span class='ocrx_word' id='word_1_221' title='bbox 312 3255 346 3317; x_wconf 93' lang='lat' dir='ltr'><strong>in</strong></span> <span class='ocrx_word' id='word_1_222' title='bbox 371 3255 432 3318; x_wconf 91' lang='lat' dir='ltr'><strong>hac</strong></span> <span class='ocrx_word' id='word_1_223' title='bbox 452 3257 629 3343; x_wconf 87' lang='lat' dir='ltr'><strong>quaestione</strong></span> <span class='ocrx_word' id='word_1_224' title='bbox 650 3258 803 3322; x_wconf 89' lang='lat' dir='ltr'><strong>solvenda</strong></span> <span class='ocrx_word' id='word_1_225' title='bbox 816 3262 1018 3346; x_wconf 87' lang='lat' dir='ltr'><strong>praetermitti</strong></span> <span class='ocrx_word' id='word_1_226' title='bbox 1038 3260 1189 3326; x_wconf 87' lang='lat' dir='ltr'><strong>decebat.</strong></span> <span class='ocrx_word' id='word_1_227' title='bbox 1208 3263 1257 3326; x_wconf 85' lang='lat' dir='ltr'><strong>Ad</strong></span> 
     </span>
     <span class='ocr_line' id='line_1_31' title="bbox 185 3356 1258 3444; baseline 0.007 -25"><span class='ocrx_word' id='word_1_228' title='bbox 185 3357 279 3420; x_wconf 90' lang='lat' dir='ltr'><strong>aliam</strong></span> <span class='ocrx_word' id='word_1_229' title='bbox 295 3356 396 3444; x_wconf 86' lang='lat' dir='ltr'><strong>igitur</strong></span> <span class='ocrx_word' id='word_1_230' title='bbox 411 3357 569 3421; x_wconf 87' lang='lat' dir='ltr'><strong>rationem</strong></span> <span class='ocrx_word' id='word_1_231' title='bbox 589 3361 750 3441; x_wconf 86' lang='lat' dir='ltr'><strong>conversi,</strong></span> <span class='ocrx_word' id='word_1_232' title='bbox 767 3383 835 3423; x_wconf 89' lang='lat' dir='ltr'><strong>non</strong></span> <span class='ocrx_word' id='word_1_233' title='bbox 854 3361 894 3424; x_wconf 89' lang='lat' dir='ltr'><strong>de</strong></span> <span class='ocrx_word' id='word_1_234' title='bbox 910 3362 1016 3425; x_wconf 84' lang='lat' dir='ltr'><strong>verbis</strong></span> <span class='ocrx_word' id='word_1_235' title='bbox 1030 3377 1180 3443; x_wconf 86' lang='lat' dir='ltr'><strong>tantum,</strong></span> <span class='ocrx_word' id='word_1_236' title='bbox 1200 3363 1258 3427; x_wconf 87' lang='lat' dir='ltr'><strong>sed</strong></span> 
     </span>
     <span class='ocr_line' id='line_1_32' title="bbox 187 3458 1257 3553; baseline 0.006 -31"><span class='ocrx_word' id='word_1_237' title='bbox 187 3458 228 3522; x_wconf 88' lang='lat' dir='ltr'><strong>de</strong></span> <span class='ocrx_word' id='word_1_238' title='bbox 246 3481 282 3520; x_wconf 90' lang='lat' dir='ltr'><strong>re</strong></span> <span class='ocrx_word' id='word_1_239' title='bbox 300 3458 493 3546; x_wconf 89' lang='lat' dir='ltr'><strong>disputaturi</strong></span> <span class='ocrx_word' id='word_1_240' title='bbox 509 3481 638 3541; x_wconf 83' lang='lat' dir='ltr'><strong>sumus3</strong></span> <span class='ocrx_word' id='word_1_241' title='bbox 661 3485 727 3525; x_wconf 92' lang='lat' dir='ltr'><strong>non</strong></span> <span class='ocrx_word' id='word_1_242' title='bbox 743 3461 783 3524; x_wconf 94' lang='lat' dir='ltr'><strong>de</strong></span> <span class='ocrx_word' id='word_1_243' title='bbox 796 3463 890 3525; x_wconf 88' lang='lat' dir='ltr'><strong>variis</strong></span> <span class='ocrx_word' id='word_1_244' title='bbox 910 3463 1106 3553; x_wconf 85' lang='lat' dir='ltr'><strong>scriptorum</strong></span> <span class='ocrx_word' id='word_1_245' title='bbox 1120 3465 1257 3551; x_wconf 89' lang='lat' dir='ltr'><strong>opinio·</strong></span> 
     </span>
     <span class='ocr_line' id='line_1_33' title="bbox 187 3559 1256 3651; baseline 0.007 -29"><span class='ocrx_word' id='word_1_246' title='bbox 187 3560 303 3639; x_wconf 86' lang='lat' dir='ltr'><strong>nibus,</strong></span> <span class='ocrx_word' id='word_1_247' title='bbox 328 3559 384 3622; x_wconf 91' lang='lat' dir='ltr'><strong>sed</strong></span> <span class='ocrx_word' id='word_1_248' title='bbox 402 3559 442 3622; x_wconf 89' lang='lat' dir='ltr'><strong>de</strong></span> <span class='ocrx_word' id='word_1_249' title='bbox 458 3561 630 3646; x_wconf 87' lang='lat' dir='ltr'><strong>prudentia</strong></span> <span class='ocrx_word' id='word_1_250' title='bbox 643 3564 848 3644; x_wconf 90' lang='lat' dir='ltr'><strong>Hannibalis,</strong></span> <span class='ocrx_word' id='word_1_251' title='bbox 869 3565 927 3650; x_wconf 94' lang='lat' dir='ltr'><strong>qui</strong></span> <span class='ocrx_word' id='word_1_252' title='bbox 944 3581 1134 3651; x_wconf 76' lang='lat' dir='ltr'><strong>praetentata</strong></span> <span class='ocrx_word' id='word_1_253' title='bbox 1154 3567 1256 3630; x_wconf 91' lang='lat' dir='ltr'><strong>Boio-</strong></span> 
     </span>
     <span class='ocr_line' id='line_1_34' title="bbox 176 3655 1256 3751; baseline 0.006 -27"><span class='ocrx_word' id='word_1_254' title='bbox 176 3655 276 3742; x_wconf 80' lang='lat' dir='ltr'><strong>rum,</strong></span> <span class='ocrx_word' id='word_1_255' title='bbox 303 3661 508 3743; x_wconf 83' lang='lat' dir='ltr'><strong>insubrium,</strong></span> <span class='ocrx_word' id='word_1_256' title='bbox 533 3663 798 3751; x_wconf 90' lang='lat' dir='ltr'><strong>Salassorumque</strong></span> <span class='ocrx_word' id='word_1_257' title='bbox 826 3666 1009 3729; x_wconf 88' lang='lat' dir='ltr'><strong>Insubriam</strong></span> <span class='ocrx_word' id='word_1_258' title='bbox 1035 3667 1256 3734; x_wconf 84' lang='lat' dir='ltr'><strong>incolentium</strong></span> 
     </span>
     <span class='ocr_line' id='line_1_35' title="bbox 184 3761 1257 3844; baseline 0.01 -22"><span class='ocrx_word' id='word_1_259' title='bbox 184 3762 310 3844; x_wconf 86' lang='lat' dir='ltr'><strong>indole,</strong></span> <span class='ocrx_word' id='word_1_260' title='bbox 330 3761 391 3823; x_wconf 89' lang='lat' dir='ltr'><strong>iter</strong></span> <span class='ocrx_word' id='word_1_261' title='bbox 415 3784 511 3825; x_wconf 92' lang='lat' dir='ltr'><strong>suum</strong></span> <span class='ocrx_word' id='word_1_262' title='bbox 535 3786 573 3826; x_wconf 87' lang='lat' dir='ltr'><strong>ex</strong></span> <span class='ocrx_word' id='word_1_263' title='bbox 598 3764 648 3827; x_wconf 92' lang='lat' dir='ltr'><strong>his</strong></span> <span class='ocrx_word' id='word_1_264' title='bbox 672 3765 799 3829; x_wconf 88' lang='lat' dir='ltr'><strong>indiciis</strong></span> <span class='ocrx_word' id='word_1_265' title='bbox 821 3767 991 3830; x_wconf 81' lang='lat' dir='ltr'><strong>instituere</strong></span> <span class='ocrx_word' id='word_1_266' title='bbox 1014 3766 1257 3832; x_wconf 45' lang='lat' dir='ltr'><strong>debuitsflon·</strong></span> 
     </span>
     <span class='ocr_line' id='line_1_36' title="bbox 185 3863 1255 3951; baseline 0.011 -30"><span class='ocrx_word' id='word_1_267' title='bbox 185 3878 247 3924; x_wconf 91' lang='lat' dir='ltr'><strong>stat</strong></span> <span class='ocrx_word' id='word_1_268' title='bbox 264 3863 350 3924; x_wconf 89' lang='lat' dir='ltr'><strong>enim</strong></span> <span class='ocrx_word' id='word_1_269' title='bbox 365 3863 394 3926; x_wconf 87' lang='lat' dir='ltr'><strong>ei</strong></span> <span class='ocrx_word' id='word_1_270' title='bbox 414 3885 540 3951; x_wconf 89' lang='lat' dir='ltr'><strong>semper</strong></span> <span class='ocrx_word' id='word_1_271' title='bbox 555 3865 650 3929; x_wconf 77' lang='lat' dir='ltr'><strong>boios</strong></span> <span class='ocrx_word' id='word_1_272' title='bbox 665 3882 721 3929; x_wconf 87' lang='lat' dir='ltr'><strong>aut</strong></span> <span class='ocrx_word' id='word_1_273' title='bbox 737 3867 890 3930; x_wconf 87' lang='lat' dir='ltr'><strong>Insubres</strong></span> <span class='ocrx_word' id='word_1_274' title='bbox 904 3869 962 3931; x_wconf 87' lang='lat' dir='ltr'><strong>viae</strong></span> <span class='ocrx_word' id='word_1_275' title='bbox 977 3867 1074 3931; x_wconf 87' lang='lat' dir='ltr'><strong>duces</strong></span> <span class='ocrx_word' id='word_1_276' title='bbox 1090 3868 1255 3950; x_wconf 81' lang='lat' dir='ltr'><strong>adfuisse,</strong></span> 
     </span>
    </p>
   </div>
   <div class='ocr_carea' id='block_1_5' title="bbox 184 3962 1286 4060">
    <p class='ocr_par' dir='ltr' id='par_1_7' title="bbox 184 3962 1286 4060">
     <span class='ocr_line' id='line_1_37' title="bbox 184 3962 1286 4060; baseline 0.011 -36"><span class='ocrx_word' id='word_1_277' title='bbox 184 3962 379 4048; x_wconf 89' lang='lat' dir='ltr'><strong>quibuscum</strong></span> <span class='ocrx_word' id='word_1_278' title='bbox 394 3965 553 4029; x_wconf 85' lang='lat' dir='ltr'><strong>amicitias</strong></span> <span class='ocrx_word' id='word_1_279' title='bbox 575 3970 607 4030; x_wconf 79' lang='lat' dir='ltr'><strong>et&#39;</strong></span> <span class='ocrx_word' id='word_1_280' title='bbox 632 3968 817 4030; x_wconf 87' lang='lat' dir='ltr'><strong>societatem</strong></span> <span class='ocrx_word' id='word_1_281' title='bbox 834 3969 1010 4050; x_wconf 77' lang='lat' dir='ltr'><strong>-junxerat3</strong></span> <span class='ocrx_word' id='word_1_282' title='bbox 1033 3991 1142 4056; x_wconf 88' lang='lat' dir='ltr'><strong>neque</strong></span> <span class='ocrx_word' id='word_1_283' title='bbox 1158 3971 1256 4060; x_wconf 81' lang='lat' dir='ltr'><strong>igno-</strong></span> <span class='ocrx_word' id='word_1_284' title='bbox 1283 3962 1286 3967; x_wconf 35' lang='lat'><strong><em>¹</em></strong></span> 
     </span>
    </p>
   </div>
   <div class='ocr_carea' id='block_1_6' title="bbox 0 0 1396 4568">
    <p class='ocr_par' dir='ltr' id='par_1_8' title="bbox 0 0 1396 4568">
     <span class='ocr_line' id='line_1_38' title="bbox 0 0 1396 4568; baseline 0 2"><span class='ocrx_word' id='word_1_285' title='bbox 0 0 1396 4568; x_wconf 95' lang='lat' dir='ltr'><strong> </strong></span> 
     </span>
    </p>
   </div>
  </div>
 </body>
</html>
