2782 4568
190 278 262 366 314
617 291 655 356 r.
688 289 829 357 mvn
1102 266 1231 369 atzar:

189 402 301 473 citum
311 390 434 490 rediit,
446 431 521 477 non
531 389 625 479 facto
636 411 789 481 certiore
803 421 948 496 senatu,
959 431 1006 478 ne
1020 408 1260 479 comitiorum

148 556 153 563 -
187 535 293 583 causa
314 515 350 583 in
370 514 467 587 Urbe
485 519 710 590 retineretur.

235 626 362 693 XXIV.
380 629 527 698 Postero
548 629 604 700 die
623 629 810 699 consultus
828 653 848 698 a
866 626 923 697 Μ’.
939 629 1141 724 Pomponio
1161 652 1256 723 prae·

187 743 267 802 tore
285 749 430 806 senatus
445 736 622 826 decrevit,
637 739 805 810 dictatori
824 736 1075 825 scribendum,
1092 737 1167 823 uti,
1185 739 1217 807 si
1234 763 1257 810 e

186 841 371 939 republica
399 864 560 919 censeret
589 860 700 938 esse¹‚
727 849 772 919 ad
802 848 968 920 consules
1002 847 1255 943 subrogandos

84 1043 91 1059 ι
185 955 325 1025 veniret
349 980 431 1026 oum
453 961 623 1057 magistro
654 961 819 1056 equitum
842 974 877 1029 et
904 973 1056 1056 praetore
1078 963 1126 1028 Μ.
1152 962 1253 1028 Mar·

186 1063 294 1152 cello,
310 1082 351 1137 ut
374 1093 418 1139 ex
443 1070 484 1139 iis
509 1069 745 1168 praesentibus
770 1094 918 1140 noscere
939 1075 1060 1140 Patres
1083 1081 1253 1165 possent,

186 1197 261 1269 quo
284 1190 379 1247 statu
396 1178 598 1276 respublica
622 1196 732 1268 esset,
755 1180 975 1277 consiliaque
995 1205 1040 1252 ex
1062 1178 1172 1249 rebus
1190 1203 1252 1249 ca-

186 1301 325 1381 perent.
343 1290 414 1378 Qui
431 1292 534 1361 acciti
550 1306 669 1379 erant,
688 1315 816 1362 omnes
834 1305 1033 1378 venerunt,
1050 1289 1183 1359 relictis
1197 1288 1253 1359 le·

184 1396 292 1491 gatis,
308 1401 371 1493 qui
387 1399 589 1497 legionibus
606 1416 811 1500 praeessent.
829 1403 1003 1487 Dictator,
1019 1400 1064 1471 de
1079 1424 1117 1473 se
1136 1422 1254 1495 pauca

185 1527 226 1575 ac
241 1507 383 1580 modice
398 1510 590 1608 loquutus,
607 1516 644 1583 in
657 1513 867 1610 magistrum
882 1514 1066 1609 equitum,
1080 1513 1131 1580 Ti.
1148 1514 1253 1581 Sem-

75 1683 80 1693 .
183 1619 356 1712 pronium
381 1622 604 1712 Gracchum,
626 1647 794 1721 magnam
818 1637 957 1720 partem
984 1621 1104 1719 gloriae
1124 1621 1250 1708 vertit3

183 1728 400 1825 comitiaque
423 1731 548 1816 edixit,
568 1732 702 1830 quibus
720 1739 759 1803 L.
778 1733 983 1803 Postumius
1001 1733 1171 1801 tertium²
1188 1727 1251 1799 ab·

184 1859 286 1923 sens,
312 1842 376 1933 qui
395 1855 471 1912 tum
490 1842 643 1914 Galliam
661 1844 883 1940 provinciam
906 1840 1114 1927 obtinebat,
1138 1853 1174 1910 et
1195 1839 1249 1908 Ti.

184 1951 420 2044 Sempronius
447 1953 651 2041 Gracchus,
671 1955 736 2051 qui
763 1968 840 2024 tum
866 1954 1034 2050 magister
1062 1951 1251 2046 equitum,

185 2067 222 2122 et
246 2054 357 2126 aedilis
378 2061 512 2131 curulis
533 2077 629 2150 erat,
650 2063 817 2133 consules
836 2076 1056 2134 crearentur.
1074 2065 1252 2161 Praetores

181 2164 266 2236 inde
289 2171 415 2259 creati,
434 2176 483 2242 M.
494 2174 657 2244 Valerius
680 2175 863 2261 Laevinus,
892 2178 958 2270 Ap.
980 2170 1151 2242 Claudius
1165 2169 1250 2239 Pul-

186 2273 290 2366 cher,
307 2281 350 2369 Q.
370 2283 515 2354 Fulvius
533 2284 700 2370 Flaccus,
725 2287 768 2374 Q.
789 2285 930 2354 Mucius
947 2282 1111 2354 Scaevola.
1126 2283 1249 2352 Dicta·

182 2398 252 2473 tor,
268 2393 395 2461 creatis
407 2393 683 2490 magistratibus,
690 2390 868 2463 Teanum³
885 2396 922 2464 in
935 2393 1087 2464 hiberna
1100 2391 1143 2462 ad
1154 2416 1252 2461 exer·

181 2495 293 2565 citum
315 2499 443 2590 rediit,
467 2502 593 2573 relicto
621 2505 791 2600 magistro
817 2505 980 2600 equitum
1005 2508 1145 2588 Romae,
1165 2502 1249 2598 qui,

182 2629 297 2700 quum
313 2624 396 2704 post
411 2635 546 2706 paucos
561 2601 637 2683 dies
650 2615 897 2711 magistratum
912 2616 1067 2682 initurus
1079 2625 1187 2695 esset,
1202 2611 1250 2682 de

183 2715 398 2815 exercitibus
416 2720 613 2793 scribendis
632 2725 956 2821 comparandisque
973 2725 1010 2792 in
1031 2746 1167 2792 aunum
1185 2726 1248 2791 Pa·

183 2838 253 2895 tres
274 2830 489 2901 consuleret.
500 2837 622 2923 Quum
638 2860 688 2905 eae
703 2860 760 2905 res
775 2838 926 2904 maxime
940 2848 1143 2932 agerentur,
1153 2856 1249 2902 nova

181 2934 301 3007 clades
315 2943 498 3029 nuntiata,
514 2944 619 3013 aliam
633 2970 743 3041 super
760 2946 863 3014 aliam
884 2944 1091 3015 cumulante
1106 2945 1141 3011 in
1162 2966 1247 3011 eum

182 3068 317 3119 annum
338 3048 504 3142 fortuna,
531 3058 570 3124 L.
594 3055 843 3139 Postumium,
870 3053 1056 3125 consulem
1080 3051 1248 3148 designa·

214 3256 275 3305 Car.
289 3259 386 3304 mv.
399 3273 422 3308 1.
435 3260 462 3306 Si
474 3276 487 3305 e
499 3261 623 3323 republica
634 3277 689 3308 cen·
734 3272 858 3317 currerat,
874 3261 940 3307 unde
948 3263 1025 3308 Gron.
1037 3258 1101 3318 conj.
1112 3257 1148 3303 ad
1156 3272 1186 3302 ea
1197 3256 1249 3321 (co-

179 3347 241 3381 seret
254 3351 317 3392 esse,·
328 3337 386 3384 vide
402 3338 433 3385 ad
447 3340 498 3397 VI,
513 3355 561 3395 aa,
577 3356 602 3387 n.
618 3355 650 3397 2,
665 3351 689 3386 et
733 3339 816 3403 mitia)
825 3350 978 3393 occurrerat,
990 3338 1136 3394 advenerat3
1146 3335 1203 3382 vide
1214 3335 1248 3383 ad

179 3415 271 3472 xxn,
286 3418 330 3477 39,
342 3433 367 3464 n.
378 3432 399 3462 1.
411 3443 447 3452 -
461 3417 504 3463 Ad
513 3419 622 3464 consules
633 3419 688 3464 sub·
733 3418 992 3475 xx1‚61‚n.1.-
1008 3415 1120 3461 Consules
1134 3430 1248 3460 crearen-

180 3494 303 3557 rogandos
308 3513 318 3550 ,·
328 3495 384 3542 vide
397 3495 428 3541 ad
441 3498 492 3550 ΙΙΙ,
509 3511 552 3556 19,
565 3513 590 3543 n.
600 3513 624 3544 a.
734 3508 791 3544 tur:
804 3496 877 3556 hujus
890 3496 1007 3542 sermonis
1018 3511 1045 3540 ea
1056 3494 1092 3539 vis
1104 3503 1153 3551 est,
1163 3494 1247 3541 edicto

215 3587 240 3619 a.
255 3575 282 3619 L.
300 3573 437 3619 Postumius
450 3574 555 3622 Albinus
574 3575 689 3632 tertium
734 3575 937 3638 comprehensum
959 3573 1046 3631 fuisse,
1068 3572 1115 3618 hos
1135 3572 1247 3627 consules

181 3667 237 3699 nam
259 3653 346 3700 consul
362 3655 413 3712 jam
437 3649 516 3701 fuerat
530 3670 595 3701 anno
614 3654 689 3701 Urbis
734 3654 852 3701 creandos
866 3667 938 3701 esse:
960 3653 1003 3700 sed
1018 3668 1069 3698 non
1083 3653 1160 3713 liquet
1172 3651 1246 3709 mibi,

180 3729 543 3787 518,et523.-Provinciam
552 3733 689 3792 obtinebat,
733 3750 777 3781 cur
794 3732 906 3779 maluerit
918 3742 1066 3787 crearentur,
1085 3746 1157 3794 quam
1168 3730 1248 3784 creati

178 3807 292 3868 tenebat,
304 3810 416 3857 hahebat.
430 3811 520 3859 Confer
529 3810 560 3859 ad
570 3814 625 3870 XL,
642 3814 688 3871 36,
733 3815 803 3868 sunu
818 3811 884 3858 uua.

177 3901 203 3932 u.
218 3888 239 3931 3.
257 3883 320 3935 Mox
332 3905 378 3952 pro
394 3901 418 3935 et
431 3889 509 3936 aedilis
528 3892 616 3938 curulis
635 3903 690 3938 erat
769 3892 793 3938 3.
817 3891 936 3944 Teanum,
952 3890 976 3936 h.
990 3889 1007 3937 l.
1027 3888 1151 3952 Apulum
1170 3888 1251 3935 Doer.¹

177 3964 204 4010 in
214 3963 270 4011 edd.
284 3978 340 4014 ante
352 3969 423 4015 Crev.
436 3979 460 4015 et
472 3970 535 4016 MSS
546 3970 595 4016 fere
609 3969 689 4017 omni·
733 3972 825 4028 Immo,
844 3969 871 4015 ni
883 3967 967 4024 fallor,
987 3967 1129 4016 Sidicinum.
1153 3967 1247 4015 Confer

178 4040 225 4091 bus
242 4054 266 4090 et
285 4060 312 4091 eo
330 4046 370 4094 vel
382 4062 412 4093 ea
425 4059 580 4109 acorcrrerat,
595 4049 636 4099 rel
651 4064 689 4098 oe·
733 4065 786 4114 cap.
798 4062 842 4109 19,
858 4047 905 4106 32,
920 4048 961 4107 46,
972 4057 996 4093 et
1009 4045 1038 4093 de
1048 4047 1244 4108 utroque'l'eano
