2782 4568
186 321 307 425 ἑζὲῑὲἑὲῑ
394 338 557 414 „Lmen
582 339 729 404 xxm.
758 336 865 404 eir.
894 337 997 403 xxi.
1154 338 1223 431 309

159 477 272 532 torem
287 448 485 530 cumulasse
500 482 547 527 ex
559 459 689 549 Africa
701 455 905 551 Lilybaeum
922 460 1063 526 uenisse
1079 483 1088 523 :
1109 463 1223 554 ipsum

156 577 314 668 graviter
326 574 490 640 saucium
510 573 546 637 in
559 567 902 638 descrimineuln'mo
919 571 1009 636 vitre
1021 591 1106 639 esse.
1122 568 1229 637 Militi

161 691 196 752 et
211 681 401 752 navalibus
417 684 521 750 sociis
538 703 656 775 neque
676 677 907 774 stipendium,
927 701 1046 773 neque
1052 677 1225 769 frumen·
1317 680 1319 684 '

159 806 230 861 tum
249 791 304 860 nd
318 788 412 859 diem
434 788 538 876 dari,·
557 813 690 886 neque,
712 787 806 858 uude
824 787 946 874 detur,
970 812 1050 857 esse.
1067 793 1225 886 Magno-

153 925 243 997 pere
253 901 421 984 suadere,
440 915 481 970 ut
493 905 772 995 quamprimum
793 923 835 966 en
849 902 1053 982 mittentur,·
1066 898 1222 995 sibique,

158 1015 193 1080 si
204 1017 254 1080 ite
270 1008 456 1094 uideatur,
475 1033 524 1080 ese
541 1015 642 1099 noeis
653 1007 871 1106 prcetoribus
889 1032 1128 1079 successorem
1145 1014 1225 1078 mit·

159 1135 246 1190 tant.
268 1119 476 1216 Eademque
499 1117 611 1191 ferme
637 1118 682 1189 de
703 1117 885 1216 stipendio
904 1116 1164 1215 frumentoque
1184 1118 1230 1190 ab

134 1246 137 1251 '
158 1233 198 1301 A.
217 1232 388 1303 Cornelio
404 1230 603 1301 Mammula
621 1237 867 1327 propraetore²
889 1253 933 1297 ex
952 1228 1114 1298 Sardinia
1139 1231 1225 1298 scri-

158 1355 234 1436 pta.
246 1346 473 1438 Responsum
487 1342 671 1435 utrisque,
688 1362 765 1407 non
780 1361 873 1422 esse,
890 1337 988 1406 unde
1002 1338 1227 1427 mitteretur,

156 1449 320 1544 jussique
344 1452 413 1546 ipsi
438 1447 608 1520 classibus
632 1461 740 1542 atque
762 1445 979 1517 exercitibus
1001 1448 1074 1516 suis
1097 1473 1229 1519 consu·

158 1559 286 1630 lerent.
308 1559 502 1648 Otacilius,
522 1557 566 1630 ad
585 1559 734 1628 unicum
752 1556 954 1628 subsidium
967 1559 1095 1655 populi
1112 1583 1229 1630 roma-

160 1672 198 1739 ni
219 1670 415 1742 Hieronem
433 1670 567 1767 legatos
591 1692 706 1764 quum
729 1669 904 1756 misisset,
927 1669 965 1736 in
987 1668 1227 1766 stipendium,

159 1779 287 1874 quanti
305 1780 444 1876 argenti
461 1804 553 1877 opus
572 1775 660 1865 fuit,
678 1792 714 1848 et
731 1803 793 1848 sex
807 1779 988 1848 mensium
1003 1776 1228 1850 frumentum

159 1889 307 1984 accepit.
334 1888 501 1958 Cornelio
519 1889 558 1957 in
577 1887 738 1958 Sardinia
757 1888 917 1958 civitates
940 1889 1044 1958 sociae
1069 1887 1229 1987 benigne

160 1996 393 2066 contulerunt
409 2023 417 2065 ε
436 2012 472 2067 et
490 2002 612 2068 Romae
631 2020 780 2093 quoque
797 2010 948 2093 propter
967 1999 1159 2093 penuriam
1179 2025 1230 2070 ar-

92 2187 93 2190 ,
159 2107 258 2198 genti
279 2107 459 2176 triumviri
481 2108 649 2178 mensarii
661 2104 688 2194 ³,
711 2108 902 2204 rogatione
921 2111 970 2177 M.
989 2108 1140 2178 Minucii
1165 2111 1228 2198 tri-
1254 2162 1256 2167 -

158 2212 250 2283 buni
267 2214 403 2314 plebis,
420 2217 521 2306 facti,
541 2221 580 2287 L.
596 2217 757 2287 AEmilius
772 2220 908 2313 Papus,
926 2216 990 2312 qui
1003 2218 1131 2288 consul
1146 2243 1228 2289 cen·

160 2346 292 2421 surque
312 2325 449 2416 fuerat,
468 2342 503 2397 et
521 2333 570 2398 M.
591 2327 720 2398 Atilius
742 2327 921 2425 Regulus,
942 2326 1080 2423 quibis
1101 2330 1229 2399 consul

159 2431 295 2524 fuerat,
315 2451 351 2506 et
367 2442 407 2506 L.
425 2436 635 2507 Scribonius
653 2436 762 2524 Libo,
780 2425 845 2531 qui
863 2451 942 2506 tum
959 2435 1130 2507 tribunus
1149 2437 1225 2534 ple·
1327 2482 1330 2489 ·

158 2540 215 2613 bis
234 2560 338 2614 erat:
365 2559 401 2616 et
420 2544 603 2616 duumviri
624 2548 757 2635 creati,
780 2551 829 2618 Μ.
852 2562 888 2618 et
910 2552 949 2617 C.
971 2542 1226 2636 Atilii,'aedem

161 2654 388 2742 Concordiae,
406 2681 515 2752 quarn
533 2662 572 2728 L.
588 2656 744 2726 Manlius
758 2672 891 2754 praetor
904 2671 1070 2744 voverat,
1084 2656 1227 2728 dedica·

159 2768 319 2834 veruntl
337 2792 344 2834 :
360 2780 396 2835 et
412 2779 485 2836 tres
500 2765 691 2863 pontifices
707 2768 818 2837 creati
828 2763 853 2854 ⁵,
870 2769 913 2857 Q.
933 2767 1094 2838 Caecilius
1110 2768 1231 2840 Metel·

160 2994 196 3006 -
206 2969 341 3019 Navalibus
354 2970 425 3019 sociis
430 2989 441 3027 ‚·
450 2970 507 3019 vide
520 2970 553 3018 ad
565 2972 617 3030 IX,
628 2971 676 3028 38,
719 2969 764 3017 viri
776 2970 892 3018 mensarii
896 2970 965 3037 sacti
970 2990 981 3028 ;
991 2972 1048 3020 vide
1062 2973 1094 3020 ad
1108 2975 1171 3032 Vll,
1183 2990 1214 3022 21
1228 3009 1234 3034 ‚

160 3064 186 3095 n.
196 3063 218 3096 1.
228 3076 263 3084 -
272 3050 316 3096 Ad
326 3049 390 3096 diem
396 3067 407 3106 ,·
419 3048 476 3096 vide
489 3050 535 3107 IV,
548 3064 593 3107 ro,
606 3065 631 3095 n.
645 3064 673 3106 13
717 3064 742 3095 n.
753 3049 776 3097 3.
787 3077 821 3085 —
831 3051 859 3096 L.
866 3049 979 3097 AEmilius
989 3053 1084 3114 Papus,
1096 3052 1140 3115 qui
1147 3054 1233 3100 consul

160 3127 288 3186 XXVIII,
298 3128 340 3188 25,
353 3146 378 3176 n.
390 3131 419 3186 3,
431 3139 454 3175 et
464 3128 494 3175 de
504 3127 545 3175 die
554 3127 672 3192 stipendii
709 3126 799 3190 ficerat
810 3143 850 3176 an.
861 3129 892 3177 U.
907 3129 966 3188 527.
984 3127 1135 3192 Censorque‚·
1146 3131 1232 3178 confer
1267 3178 1270 3182 ,

161 3221 189 3251 ee
202 3207 316 3255 frumenti
329 3207 408 3255 Schel.
419 3207 452 3253 ad
462 3207 607 3271 Polybium,
617 3222 671 3270 cap.
716 3222 770 3270 cap.
782 3223 832 3269 seq.
848 3233 883 3242 -
899 3208 934 3254 M.
947 3206 1037 3254 Atilius
1050 3208 1168 3271 Regulus,
1187 3210 1232 3273 qui

161 3284 177 3330 6
193 3296 218 3332 et
229 3301 252 3344 7.
358 3326 362 3331 .
715 3285 751 3333 bis
762 3285 848 3336 consul
847 3283 951 3350 sicerae,¹
962 3283 1020 3332 vide
1033 3300 1086 3349 cap.
1099 3287 1142 3345 25,
1153 3303 1178 3333 11.
1190 3297 1230 3344 14.

197 3380 223 3410 a.
238 3365 278 3411 Ab
292 3368 324 3412 A.
337 3365 448 3413 Cornelio
465 3362 601 3413 Mammula
609 3379 670 3427 pro·
751 3371 776 3420 4.
786 3366 821 3412 Ee
828 3361 949 3410 duumviri
959 3363 1037 3410 creati
1040 3363 1156 3411 ...ecdem
1170 3367 1230 3414 Con·

157 3453 265 3506 praetore
276 3443 405 3505 Sardiniae3
417 3444 473 3492 vide
483 3443 515 3490 ad
525 3443 615 3500 xxu,
626 3442 669 3501 25,
714 3443 805 3490 eordioe
817 3441 989 3488 dedicaverunt
996 3459 1007 3498 ;
1024 3441 1080 3491 vide
1096 3443 1127 3490 ed
1144 3447 1170 3504 1,
1187 3445 1231 3503 55,

161 3537 187 3567 n.
198 3522 229 3578 6,
241 3533 265 3568 et
275 3523 360 3580 XXV,
371 3531 416 3583 41,
427 3541 455 3572 n.
467 3526 491 3571 8.
508 3551 543 3559 —
558 3520 670 3585 Iussique
713 3538 738 3571 n.
752 3523 765 3568 3
774 3555 781 3581 ,
797 3537 869 3584 quam
885 3523 912 3568 L.
923 3520 1032 3588 Manlius
1047 3532 1142 3587 prator
1154 3539 1231 3572 vove-

161 3597 209 3664 (ut)
221 3599 267 3662 ipsi
277 3600 593 3650 classibus...0onsuterent.
602 3599 636 3666 (V
637 3600 670 3650 id.
715 3591 768 3658 rut,
780 3600 837 3647 vide
847 3601 937 3657 XXH,
949 3599 990 3646 33.

162 3677 228 3738 adl,
244 3694 284 3738 17,
296 3695 321 3725 n.
331 3677 366 3741 7.)
383 3680 499 3728 Otacilius
508 3681 572 3746 (sine
581 3696 672 3745 praem,
753 3679 777 3727 5.
792 3681 826 3725 Et
840 3690 888 3726 tres
899 3677 1029 3745 pontifices
1042 3679 1133 3735 creatu
1144 3695 1230 3745 propr.

161 3770 190 3807 ut
202 3775 261 3806 mox
274 3755 394 3821 Cornelio)
409 3758 672 3817 adunieum‚etc.1ta
717 3774 731 3807 a
747 3757 853 3822 collegio
870 3773 931 3816 suo,
949 3768 977 3806 ut
998 3768 1022 3804 et
1042 3757 1231 3821 quindecimviri

161 3838 225 3886 MSS
235 3849 329 3886 tantum
339 3853 391 3884 non
402 3853 499 3897 ornnes,
510 3850 535 3887 et
546 3836 602 3887 edd.
616 3849 671 3886 ante
715 3854 776 3886 saer.
788 3838 835 3885 fac.
844 3871 851 3895 ‚
860 3851 963 3901 augures
977 3836 1067 3900 aliique
1079 3838 1232 3901 sacerdotes,

162 3917 241 3964 Gron.
250 3919 322 3981 prob.
332 3917 397 3965 nuk.
409 3917 542 3966 Consulere.
553 3921 579 3966 T.
589 3918 671 3967 Otaci-
715 3916 896 3982 cooptabantur
905 3926 961 3963 ante
970 3915 1048 3979 legem
1057 3916 1191 3966 Domitium
1199 3920 1232 3967 le·

162 3995 209 4045 lius
218 3996 312 4044 emend.
323 3998 399 4045 Gron.
617 4033 620 4040 .
716 4008 766 4045 tam
777 4012 799 4042 a.
813 3996 845 4044 U.
860 3997 919 4056 649.
935 3993 973 4042 ef.
987 3994 1019 4041 ad
1030 3996 1082 4054 III,
1098 3997 1145 4056 64,
1161 4014 1186 4047 n,
1198 3999 1213 4046 5
1222 4015 1229 4059 3

200 4076 223 4127 3.
235 4075 473 4148 Propterpennn'nm
482 4074 578 4144 argenti
589 4075 672 4132 trium
716 4074 847 4139 xxm,
862 4073 911 4137 45,
924 4090 949 4126 u.
961 4073 993 4136 55
1009 4076 1109 4126 sueton.
1122 4075 1182 4152 Ner.
1198 4094 1231 4139 ²3
