2782 4568
194 273 317 376 ῢῑὲῐέἑὲῑ
415 297 510 363 Lm.
544 295 664 361 xxu.
699 295 800 362 car.
832 295 980 362 xvur.
1166 289 1233 392 175

167 442 310 515 gravem
330 416 435 486 armis
449 416 724 511 statariumque,
741 439 871 512 pugnae
885 438 1016 511 genere
1035 411 1137 486 sacile
1155 416 1235 490 elu-

168 530 225 598 sit.
242 535 295 600 Ita
310 525 593 623 haudquaquam
608 527 686 622 pari
700 527 895 596 certamine
910 525 1074 621 digressi,
1089 527 1238 624 Hispani

167 637 241 709 sere
258 663 384 709 omnes
402 639 622 725 incolumes,
645 637 815 725 Romani,
834 637 972 732 aliquot
991 637 1063 707 suis
1081 639 1235 728 amissiS,

166 749 204 817 in
223 762 335 817 castra
357 740 638 818 contenderunt.
656 746 786 817 Fabius
805 771 954 843 quoque
970 747 1083 817 movit
1099 761 1234 819 castra:

167 840 483 955 transgressusque
498 859 630 928 saltum
644 881 753 954 super
762 853 884 926 Allifas
893 910 902 944 ,
912 853 1001 926 loco
1016 854 1089 925 alto
1105 881 1145 927 ac
1158 882 1236 928 mu·

167 969 244 1038 nito
265 968 440 1040 consedit.
460 973 571 1058 Tum,
591 993 660 1066 per
677 969 864 1039 Samnium
883 972 1033 1036 Romam
1055 992 1092 1038 se
1111 983 1236 1064 petere

167 1079 353 1168 simulans,
376 1077 557 1149 Hannibal
574 1103 691 1174 usque
710 1079 748 1147 in
768 1077 932 1173 Pelignus
952 1076 1238 1174 populabundus

166 1193 281 1264 rediit.
297 1190 426 1264 Fabius
440 1191 706 1263 mediustinter
718 1188 877 1259 hostium
893 1213 1021 1284 agmen
1033 1187 1237 1286 urbemque

165 1306 316 1372 Romam
328 1302 420 1398 jugis
435 1299 607 1388 ducebat3
621 1324 689 1372 uec
702 1298 895 1388 absistens,
908 1323 975 1368 nec
988 1299 1236 1394 congrediens.

165 1414 217 1480 Ex
240 1410 396 1506 Pelignis
414 1415 547 1480 Poenus
568 1408 668 1481 flexit
689 1411 775 1498 iter,
801 1422 972 1504 retroque
991 1410 1157 1505 Apuliam
1176 1436 1238 1483 re-

165 1535 312 1617 petens,
332 1521 533 1589 Geronium
552 1522 718 1616 pervenit
730 1516 761 1608 5;
778 1518 909 1590 urbem
925 1533 1044 1608 metu,
1063 1521 1149 1615 quia
1164 1521 1234 1592 col·

163 1630 264 1727 lapsa
278 1631 392 1701 ruinis
407 1655 490 1727 pars
507 1633 684 1702 moenium
701 1645 798 1719 erat,
818 1628 863 1701 ab
879 1631 951 1700 suis
968 1629 1159 1700 desertam.
1177 1632 1237 1702 Di·

164 1737 1236 1837 ctatorinlarinateagro⁶castracommuniit2Indesacrorum

66 1921 71 1927 ,
165 1873 269 1919 causa
296 1855 448 1919 Romam
474 1864 662 1922 revocatus
676 1862 701 1933 ⁷,
729 1876 804 1922 non
832 1851 985 1947 imperio
1010 1849 1143 1943 modo,
1171 1853 1236 1923 sed

164 1961 315 2030 consilio
328 1961 452 2048 etiam,
467 1985 508 2036 ac
523 1985 637 2058 prope
656 1960 827 2058 precibus
844 1985 953 2058 agens
967 1985 1050 2031 cum
1064 1962 1236 2058 magistro

152 2073 348 2168 equitum,
376 2087 416 2141 at
435 2071 522 2168 plus
542 2071 708 2158 consilto,
728 2096 842 2167 quam
852 2074 1033 2163 sbrtunoe,
1053 2071 1215 2165 confidat
1222 2099 1238 2159 ,-

164 2197 200 2253 et
214 2206 252 2251 se
261 2188 385 2279 potius
405 2181 532 2253 ducem
542 2237 553 2269 ,
577 2208 690 2279 quam
708 2185 976 2279 Sempronium,
999 2180 1236 2251 Flaminium-

164 2312 250 2384 que,
272 2296 439 2360 imitetur.
456 2296 514 2363 Ne
528 2290 622 2363 nt'lu'l
637 2308 758 2363 actum
769 2309 941 2376 censeret,
952 2306 1115 2362 extracta
1118 2315 1237 2387 prope

164 2397 318 2469 aestate⁸
340 2427 411 2498 per·
436 2400 720 2500 ludificationem
750 2402 867 2474 bostat.
902 2403 1064 2472 Medicos
1091 2422 1237 2497 quoque

156 2506 243 2605 plus
258 2511 437 2580 interdum
459 2519 595 2608 quiete,
615 2539 731 2610 quam,
747 2512 917 2583 movendo
941 2529 1052 2610 atque
1072 2504 1237 2609 αςὲηιὶο,

164 2705 282 2754 solebant.
303 2735 338 2743 -
357 2708 558 2772 Statariumque;
570 2708 628 2756 vide
646 2709 678 2756 ad
758 2712 821 2757 om
831 2710 938 2757 larinate
947 2727 1021 2774 agro,
1034 2727 1113 2776 prope
1120 2712 1238 2760 Larinum

163 2785 214 2840 III,
227 2799 271 2845 19,
283 2801 309 2833 n.
323 2802 348 2833 α.
627 2795 629 2800 “
722 2787 799 2853 (hod.
812 2789 935 2854 Larino),
947 2775 1126 2838 Frentanorum
1137 2791 1238 2855 oppid„

202 2870 226 2917 4.
239 2864 326 2910 Fabius
338 2864 430 2911 medius
444 2861 490 2927 (al.
502 2863 602 2928 mediis)
616 2864 679 2912 inter
724 2867 792 2929 quod
806 2868 900 2914 Plinius
913 2871 966 2926 III,
983 2884 1027 2925 11,
1043 2881 1067 2916 et
1076 2869 1142 2915 Mela
1154 2873 1192 2928 II,
1206 2878 1238 2930 4,

163 2941 269 2990 bostium
282 2960 368 3007 agmen
383 2945 512 3007 urbemque
524 2945 626 2991 Romam
634 2945 677 3009 ju·
723 2948 818 2993 DaunIs
830 2946 919 3010 Apulis
932 2947 1054 2996 attribuit.
1070 2947 1142 2996 Cous.
1153 2949 1184 2995 ad
1194 2949 1237 2996 Sil.

160 3021 214 3086 gis,
230 3022 348 3080 ducebat;
358 3023 415 3070 vide
428 3023 460 3069 ad
474 3025 499 3082 1,
512 3025 559 3082 23,
573 3040 598 3072 n.
610 3031 639 3083 4,
653 3035 678 3071 et
722 3026 797 3083 VIII,
808 3033 866 3079 toa.

163 3103 202 3161 11,
217 3102 265 3159 50,
280 3119 306 3149 n.
320 3117 361 3150 11.
375 3129 411 3138 --
423 3102 476 3149 Nec
489 3102 625 3159 abstinens,
639 3119 677 3150 re·
697 3109 698 3112 ’
760 3121 783 3163 7.
801 3106 931 3151 Sacrorum
951 3117 1029 3148 causa
1049 3103 1151 3148 Romam
1171 3119 1237 3152 reuo-

163 3180 253 3227 cedens
267 3181 297 3227 ab
311 3181 391 3230 hoste.
722 3194 805 3238 cattus,
819 3192 867 3228 eto.
883 3180 956 3228 Conf.
974 3179 1062 3242 Polyb.
1078 3183 1130 3237 111,
1146 3189 1194 3242 94,
1212 3190 1237 3230 et

199 3261 222 3315 5.
239 3260 371 3307 Geronium
379 3261 503 3324 pervenit,
522 3259 619 3324 Apult'ae
634 3277 675 3308 ur·
720 3261 752 3307 ad
766 3261 807 3308 Sil.
814 3261 878 3317 vlt,
890 3260 938 3305 383
952 3275 989 3320 sq.
1000 3259 1037 3304 De
1046 3259 1122 3305 sacris
1130 3259 1170 3306 his
1179 3260 1237 3308 vide

161 3339 216 3386 bem
236 3341 375 3405 (castellam
388 3339 486 3404 Apuliae
502 3339 570 3403 inops
585 3339 675 3388 dicitur
719 3340 753 3387 ad
760 3341 805 3399 IV,
816 3355 847 3396 a,
860 3354 885 3384 n.
897 3339 921 3384 6.
930 3364 965 3374 -
973 3339 1118 3384 devocatus.
1126 3372 1131 3384 .
1139 3355 1235 3404 agens.

162 3434 216 3483 cap.
232 3417 300 3482 39):
317 3436 373 3466 uam
393 3420 429 3467 ibi
448 3430 472 3466 et
492 3419 600 3466 Lucerioe
623 3435 674 3467 mus
719 3420 796 3467 Notat
814 3418 884 3467 Cret.
897 3417 945 3463 hoc
958 3417 1015 3464 loco
1028 3417 1165 3464 oratlonem
1178 3435 1236 3482 pen-

160 3513 233 3562 gnam
243 3499 360 3547 frumenti
371 3499 467 3563 copiam
476 3515 528 3546 esse
538 3497 671 3546 audiverat.
719 3499 785 3556 dere,
796 3513 841 3544 nec
851 3495 968 3543 concludi
977 3495 1024 3541 uisi
1034 3505 1093 3558 post
1099 3496 1236 3547 absolutam

161 3577 234 3626 conf.
242 3579 384 3642 Schweigh.
398 3578 428 3625 ad
443 3577 531 3642 Polyb.
543 3579 596 3634 III,
610 3593 672 3636 roo,
717 3578 786 3625 Fabii
797 3576 986 3634 oratiunculam,
999 3575 1037 3621 his
1047 3591 1136 3639 nempe
1144 3577 1234 3637 verbis,

160 3668 185 3705 et
198 3659 305 3722 Appian.
315 3659 366 3706 Bet.
378 3659 486 3706 Hannib.
496 3657 536 3704 15.
548 3657 595 3704 Hic
607 3657 673 3704 illam
717 3658 820 3704 Romam
829 3654 997 3720 estprojietas.
1006 3656 1065 3701 Hoc
1072 3670 1136 3717 saepe
1146 3657 1234 3720 saepius

160 3741 249 3787 urbem
262 3741 373 3805 appellat
382 3738 516 3806 Γερωνίαν,
527 3740 568 3787 itte
581 3741 674 3787 rectius
718 3737 785 3800 apud
799 3736 907 3800 optimos
922 3745 988 3781 notae
1003 3734 1134 3797 scriptores
1144 3751 1232 3783 occur·

158 3819 244 3867 forsan
262 3818 399 3886 repellunt,
422 3820 463 3868 alii
485 3817 612 3885 Papauer,
634 3818 674 3866 vel
694 3813 700 3817 ⁶
718 3815 766 3873 rit;
785 3814 842 3861 vide
859 3828 932 3876 supra
947 3811 979 3859 ud
996 3810 1040 3858 lib·
1054 3813 1091 3872 V,
1109 3830 1163 3879 cup·
1182 3823 1230 3875 Ι44,

159 3898 284 3965 Peperine·
298 3902 348 3948 vid.
362 3901 448 3964 steph.
464 3902 522 3964 Byr.
535 3912 560 3946 et
573 3900 671 3948 Cluver.
708 3905 743 3961 et
755 3893 823 3941 alibi.
837 3894 882 3940 Er.

158 3977 213 4023 teat.
227 3980 289 4026 Ant.
301 3995 326 4041 p.
341 3978 415 4024 1213.
428 3975 570 4032 Gerionem,
584 3976 675 4038 Geryo·
754 3977 778 4022 8.
793 3974 917 4021 Eutracta
928 3986 1006 4035 prope
1019 3982 1119 4031 aestate;
1130 3975 1186 4022 vide
1200 3974 1230 4022 ad

159 4069 230 4114 uem,
246 4056 391 4114 Gerionum,
406 4057 527 4104 Gerenum
536 4055 568 4102 al.
718 4054 764 4111 tv,
779 4054 829 4113 43,
845 4067 870 4100 n.
883 4050 907 4099 6.
918 4052 1019 4098 Exacta
1027 4049 1058 4098 al.
