2782 4568
154 287 224 389 564
581 313 619 379 r.
650 309 788 382 Livii

190 428 301 486 effundi
315 429 345 486 in
355 428 500 487 vestibulo
515 430 601 488 curiae
613 449 750 489 acervum
760 403 845 505 juliet
858 425 1032 484 annulorum
1047 444 1222 499 aureorum,

108 555 111 562 ·
190 523 335 598 petitque,
347 535 380 580 ut
391 522 547 582 Hannibali
558 524 694 602 pecunia,
704 523 880 580 frumentum
894 532 923 576 et
936 519 1040 577 milites
1055 519 1217 576 mittantur.

191 618 255 672 Hoc
269 613 416 673 dissuadet
429 619 550 688 Hanno,
567 616 603 674 ab
617 616 779 675 Himilcone
795 613 970 691 increpatus.
980 645 1017 656 -
1026 616 1117 683 xl113
1128 617 1217 689 Mago

191 705 252 782 ejus
273 707 434 764 orationem
453 708 573 779 refutat,
588 720 632 780 et,
644 728 709 786 quae
727 707 937 785 postulaverat,
948 705 1059 782 ingenti
1074 723 1218 763 consensu

191 810 307 856 senatus
319 797 661 872 decernuntur-XIV,
673 799 798 859 Romani
811 798 934 877 impigre
945 797 1054 874 bellum
1065 809 1218 874 reparant,

191 903 220 947 et
231 895 272 948 M.
284 892 387 949 Junius
400 898 474 951 Pera
489 892 614 950 dictator
626 911 727 950 servos
744 910 860 968 quoque
876 902 905 947 et
918 889 1020 967 capitis
1035 909 1100 946 reos
1115 902 1217 947 armat.

191 982 335 1042 Hannibal
354 985 459 1042 iterum
476 986 586 1043 animos
604 985 879 1062 Neapolitanorum,
898 981 1005 1058 partim
1025 1001 1092 1058 spe,
1111 981 1218 1058 partim

191 1087 287 1148 metu,
302 1078 499 1154 nequidquam
513 1090 619 1149 tentat,
637 1090 666 1134 et
680 1077 711 1135 in
725 1094 825 1153 agrum
839 1073 978 1132 nolanum
993 1071 1119 1130 traducit
1133 1091 1219 1129 exer-

191 1168 288 1226 citum.
302 1171 384 1229 Nolae
396 1169 479 1249 plebs
495 1171 571 1228 favet
584 1170 698 1229 Poenis:
718 1181 747 1227 at
762 1180 878 1226 senatus
896 1166 1077 1224 simulatione
1091 1165 1219 1223 extrahit

191 1261 383 1319 defectionem
397 1263 427 1318 in
446 1262 602 1321 adventum
618 1260 732 1322 Claudii
746 1259 878 1319 Marcelli
891 1258 1040 1337 praetoris,
1053 1257 1103 1334 qui
1117 1256 1218 1333 legatis
1265 1322 1268 1327 ,

192 1354 265 1411 clam
285 1372 317 1410 ac
336 1374 463 1432 propere
483 1353 575 1412 missis
596 1354 722 1412 Casilino
741 1351 905 1410 arcessitur.
919 1385 957 1394 —
968 1354 1040 1420 XV,
1055 1347 1217 1421 Hannibal,

191 1447 267 1503 Nola
277 1446 457 1524 Neapolique
472 1447 599 1519 omissis,
613 1446 685 1523 petit
696 1444 865 1515 Nuceriam,
879 1461 999 1518 eamque
1015 1441 1089 1498 fame
1103 1452 1218 1517 captam

191 1536 291 1621 diripit
305 1551 333 1595 et
347 1538 484 1597 incendit.
497 1538 651 1596 Marcellus
664 1538 745 1597 Nolae
761 1537 842 1595 timet
855 1535 984 1614 plebem,
996 1546 1025 1591 et
1036 1545 1103 1591 ante
1117 1552 1218 1591 omnes

100 1680 102 1687 .
190 1634 223 1687 L.
238 1630 387 1702 Bantium,
406 1631 592 1689 fortissimum
608 1630 876 1706 nobilissimumque
892 1628 1032 1704 equitem,
1046 1626 1096 1703 qui
1110 1624 1218 1704 prodi-

192 1723 298 1780 tionem
314 1724 415 1802 patriae
431 1724 568 1782 molitur:
580 1723 666 1800 hujus
680 1737 775 1782 tamen
791 1723 918 1780 animum
934 1720 1068 1778 comitate
1084 1738 1117 1776 ac
1131 1718 1218 1777 donis

191 1835 312 1893 prorsus
327 1829 427 1875 mutat.
440 1849 478 1859 —
490 1820 577 1887 xv1;
592 1818 696 1876 Nolam
712 1829 805 1874 castra
818 1825 916 1872 movet
931 1816 1050 1884 Poenus,
1066 1823 1112 1878 et,
1130 1810 1217 1886 plebe

191 1907 228 1964 de
237 1907 351 1986 integro
362 1908 398 1969 ad
411 1908 602 1969 defectionem
614 1921 776 1987 spectante,
785 1906 953 1975 Marcellus,
963 1903 1115 1988 eruptione
1128 1903 1219 1979 faeta,

190 1998 287 2058 hostes
298 2000 388 2058 vincit
400 2001 545 2079 fugatque.
552 2005 697 2072 -XVII3
709 1999 853 2059 Hannibal
863 2003 987 2063 Acerras
998 1997 1087 2074 capit,
1097 2008 1126 2053 et
1137 2015 1219 2055 exer·

191 2091 280 2150 citum
293 2092 373 2152 ducit
387 2093 558 2166 Casilinum,
573 2093 653 2172 quod
671 2116 691 2151 n
708 2093 876 2153 Praenestini
894 2104 923 2149 et
939 2090 1060 2149 totidem
1079 2090 1139 2147 fere
1157 2094 1217 2148 Pe-

189 2184 281 2250 rusini
293 2197 419 2243 tuentur.
427 2189 589 2258 -xv111;
602 2191 721 2245 Frustra
731 2184 873 2264 oppidum
884 2202 995 2242 summa
1005 2183 1035 2242 vi
1047 2201 1218 2263 oppugnare

189 2288 287 2355 parat,
304 2289 333 2334 et
351 2277 429 2355 ipse,
447 2277 563 2337 modico
583 2278 614 2336 in
634 2278 733 2336 castris
752 2277 888 2356 praesidio
908 2276 1026 2346 relicto,
1046 2275 1076 2332 in
1094 2272 1218 2332 hiberna

191 2373 319 2447 Capuam
329 2371 477 2431 concedit:
491 2370 542 2431 nbi
551 2369 750 2448 voluptatibus
761 2368 922 2429 immodicis
935 2387 1058 2446 corpora
1071 2368 1217 2445 animique

190 2461 332 2520 exercitus
346 2461 407 2538 ejus
426 2475 611 2526 enervantur.
627 2495 666 2507 -
677 2465 767 2533 x1x3
782 2461 904 2522 Obsidio
919 2460 1035 2520 tandem
1051 2461 1218 2519 continuata

191 2552 347 2610 Casilinum
364 2553 482 2611 adducit
496 2553 533 2611 ad
547 2554 679 2612 ultimum
694 2554 817 2633 inopiae,
832 2573 897 2631 quae
915 2573 931 2611 a
947 2553 1084 2612 Romanis
1098 2554 1216 2631 quidem

190 2642 342 2720 paululum
355 2644 485 2717 levatur,
506 2643 594 2724 doliis¹
605 2645 742 2705 frumenti
755 2645 862 2724 plenis,
877 2645 1058 2723 nucibusque
1070 2647 1216 2704 Vulturno

193 2734 270 2791 amni
288 2734 324 2793 ad
340 2734 444 2793 urbem
462 2735 570 2808 missis,
588 2736 639 2797 sed
657 2736 773 2795 tandem
788 2737 921 2795 obsessos
943 2737 980 2795 ad
1000 2757 1063 2795 eam
1084 2737 1218 2795 hostibus

190 2827 361 2885 tradendam
382 2829 544 2905 compellit,
566 2841 651 2906 pacta
673 2841 738 2888 ante
762 2828 961 2907 redemptione
985 2829 1142 2888 liberorum
1168 2848 1216 2886 ca-

189 2920 292 2999 pitum.
311 2953 351 2965 -
367 2925 442 2992 XX;
458 2921 568 2981 Eodem
590 2933 720 2998 tempore
740 2922 877 2993 Petelini,
897 2920 947 2999 qui
967 2921 1018 2977 uni
1040 2940 1076 2977 ex
1098 2919 1218 2978 Bruttiis

189 3026 355 3073 manserant
371 3014 402 3073 in
418 3014 542 3072 amicitia
560 3033 696 3086 romana,
710 3033 727 3072 a
741 3010 1025 3090 Carthaginiensibus
1039 3011 1216 3087 Bruttiisque

190 3104 299 3163 caeteris
322 3118 541 3186 oppugnantur,
558 3118 605 3177 et,
622 3105 722 3184 legatis
736 3106 843 3167 frustra
855 3110 978 3163 Romam
995 3104 1031 3161 ad
1048 3103 1214 3182 presidium

189 3197 347 3276 petendum
358 3198 463 3270 missis,
473 3198 528 3255 soli
539 3197 692 3255 fortissime
704 3197 986 3269 resistunt-XXI,
997 3200 1031 3254 In
1042 3193 1138 3254 Sicilia
1150 3197 1215 3252 Sar-

189 3290 325 3367 diniaque
337 3296 371 3349 T.
383 3291 522 3351 Otacilius
536 3303 565 3348 et
577 3296 613 3349 A.
629 3290 782 3353 Cornelius
794 3288 954 3351 Mammula
966 3298 1161 3367 propraetores
1176 3283 1213 3342 ab

189 3382 317 3445 Hierone
333 3394 362 3440 et
375 3383 461 3441 sociis
475 3380 638 3442 civitatibus
653 3381 835 3458 adjuvantur.
852 3386 952 3443 Rotnae
966 3391 1102 3437 creantur
1116 3378 1215 3435 trium-

188 3473 244 3530 viri
255 3473 403 3544 mensarii,
416 3485 445 3530 et
459 3486 517 3531 tres
531 3474 847 3550 pontifices-XXII,
859 3471 972 3532 Ibidem
988 3470 1166 3528 deliberatur
1179 3471 1214 3528 de

189 3564 333 3642 explendo
351 3578 469 3638 senatu,
492 3565 611 3644 ejusque
631 3564 745 3645 legendi
765 3583 850 3622 causa
871 3569 911 3623 M.
934 3562 1041 3623 Fabius
1064 3568 1156 3622 Buteo
1179 3583 1214 3621 ex

188 3658 436 3723 senatusconsulto
455 3657 578 3716 dictator
597 3658 658 3715 sine
678 3657 814 3735 magistro
831 3657 960 3735 equitum
979 3657 1009 3716 in
1029 3676 1080 3717 sex
1102 3674 1213 3715 menses

187 3748 302 3811 dicitur.
318 3783 355 3793 —
368 3754 486 3822 xxlll;
502 3754 531 3807 Is
546 3770 667 3809 ccxxvii
683 3769 749 3808 cum
767 3749 876 3827 ingenti
894 3746 1105 3827 approbatione
1121 3744 1213 3803 homi-

187 3860 256 3901 num
280 3842 311 3900 in
334 3856 431 3921 patres
453 3843 539 3920 legit,
560 3855 590 3903 et
615 3830 813 3923 extemplo‘se
840 3841 958 3900 abdicat
979 3840 1157 3918 magistratu.
1173 3869 1214 3882 -

187 3936 288 3998 XXIV
293 3957 302 4007 3
312 3939 352 3993 M.
360 3935 463 3996 iunius
474 3941 546 3996 Pera
558 3935 695 4007 dictator,
707 3940 830 3997 Romam
844 3935 965 4006 accitus,
981 3932 1096 3991 comitia
1111 3930 1212 4002 edicit,

190 4021 295 4109 quibus
314 4031 347 4086 L.
361 4029 525 4093 Postumius
545 4050 583 4089 111
604 4027 722 4105 absens,
738 4040 768 4087 et
781 4028 826 4089 Ti.
841 4027 1031 4110 Sempronius
1047 4023 1211 4093 Gracchus,
