2782 4568
197 283 269 364 224
619 281 656 347 r.
690 281 825 349 nvn
1105 259 1234 364 attat:

196 397 461 473 deterrendosa
474 396 669 496 cupiditate
684 401 821 470 animos
836 401 1002 470 nuntiata
1015 415 1136 489 erant,
1152 427 1194 473 ea
1208 427 1261 474 ac·

198 511 424 596 cenderunt3
449 525 503 597 et,
523 509 678 581 clamore
700 525 782 581 orto
806 536 826 581 a
846 509 1040 599 militibus,
1061 520 1102 582 ni
1119 520 1261 610 signum

197 623 316 706 detur,
333 627 410 693 sinc
423 619 573 691 ducr'bus
589 627 715 708 ituros,
731 620 1013 719 haudquaquam
1029 621 1104 693 dux
1123 623 1258 695 defuit:

197 759 281 805 nam
298 732 480 831 extemplo
489 736 604 802 Varro
621 734 762 829 signum
777 729 877 804 dedit
893 734 1155 832 proficiscendi.
1174 741 1262 806 Pau·

199 847 275 934 lus,
292 869 407 941 quum
426 845 459 916 ei
480 868 543 914 sua
562 859 691 942 sponte
714 847 900 916 cunctanti
918 846 1008 942 pulli
1031 870 1178 943 quoque
1196 871 1260 916 au-

198 957 312 1055 spicio
326 980 400 1025 non
414 954 668 1043 addixissent2,
679 954 889 1026 obnuntiari
899 957 971 1051 jam
983 955 1147 1028 efferenti
1156 973 1262 1053 porta

199 1068 298 1164 signa
315 1067 460 1164 collegae
475 1066 591 1161 jussit.
611 1065 717 1155 Quod
737 1091 956 1162 quamquam
971 1070 1085 1137 Varro
1103 1093 1193 1166 aegre
1207 1083 1262 1138 est

199 1202 342 1276 passus,
355 1177 516 1246 Flaminii
531 1190 652 1247 tamen
663 1202 789 1248 recens
805 1202 905 1248 casus
916 1174 943 1265 ³,
955 1177 1167 1274 Claudiique
1181 1201 1264 1247 con-

200 1289 287 1360 sulis
304 1289 422 1385 primo
436 1289 572 1384 punico
585 1286 684 1358 bello
697 1302 895 1358 memorata
909 1286 1042 1357 navalis
1057 1287 1195 1369 clades,
1209 1311 1263 1358 re-

199 1400 368 1498 ligionem
387 1400 508 1469 animo
528 1400 677 1469 incussit
688 1402 715 1467 ⁴.
732 1400 790 1469 Dii
805 1421 919 1495 prope
932 1399 999 1494 ipsi
1014 1422 1057 1468 eo
1075 1397 1132 1468 die
1149 1400 1262 1494 magis

200 1511 388 1599 distulere,
402 1534 512 1605 quam
527 1506 768 1606 prohibuere,
781 1509 1028 1577 imminentem
1045 1522 1181 1604 pestem
1196 1513 1263 1577 Ro

200 1623 326 1692 manis.
347 1624 438 1690 Nam
456 1618 549 1690 forte
569 1619 619 1686 ita
640 1619 780 1703 evenit,
799 1630 860 1702 ut,
884 1641 998 1712 quum
1016 1616 1142 1687 referri
1162 1620 1263 1714 signa

199 1733 238 1802 iu
260 1746 372 1803 castra
387 1728 531 1826 jubenti
550 1726 688 1798 consuli
711 1725 841 1796 milites
861 1750 938 1795 non
957 1741 1148 1823 parerent,
1170 1729 1263 1796 servi

202 1841 293 1927 duo,
306 1839 488 1908 Formiani
502 1860 614 1923 unus,
631 1836 719 1906 alter
733 1834 879 1905 Sidicini
895 1838 1041 1932 equitis,
1057 1839 1138 1933 qui,
1153 1839 1263 1908 Servi-

200 1949 250 2020 lio
268 1962 376 2045 atque
390 1947 497 2015 Atilio
513 1933 748 2032 consulibus,
764 1946 860 2015 inter
879 1944 1107 2042 pabulatores
1122 1951 1262 2045 excepti

200 2082 222 2130 a
239 2050 405 2132 Numidis
426 2055 591 2143 fuerant,
611 2053 848 2152 profugerent
868 2080 911 2125 eo
930 2055 988 2127 die
1006 2057 1051 2126 ad
1070 2056 1260 2128 dominos:

202 2171 266 2267 qui
283 2167 429 2239 deducti
447 2166 492 2236 ad
509 2165 676 2236 consules
694 2166 885 2252 nuntiant,
902 2190 1047 2238 omnem
1063 2170 1262 2238 exercitum

199 2276 412 2351 Hannibalis
431 2291 529 2347 trans
548 2276 731 2374 proximos
752 2291 894 2353 montes
913 2278 1037 2349 sedere
1055 2280 1093 2348 in
1111 2279 1259 2349 insidiis.

201 2395 340 2459 Horum
357 2402 587 2484 opportunus
603 2385 777 2456 adventus
796 2389 962 2459 consules
977 2391 1118 2487 imperii
1135 2405 1262 2487 poten-

201 2514 256 2569 tes
274 2497 360 2570 fecit
372 2494 399 2584 ⁵,
415 2521 529 2594 quum
546 2495 696 2567 ambitio
711 2497 856 2568 alterius
875 2523 975 2570 suam
992 2503 1149 2597 primum
1164 2501 1262 2599 apud

202 2622 264 2680 eos
286 2630 396 2706 prava
417 2607 643 2704 indulgentia
660 2607 880 2703 majestatem
902 2610 1073 2681 solvisset.

237 2794 262 2825 a.
276 2775 342 2824 Pulli
352 2791 449 2841 quoque
459 2775 568 2840 auspicio
581 2793 629 2824 non
642 2776 712 2824 addi·
754 2779 794 2826 vel
803 2779 891 2837 fatum,
904 2795 978 2829 mors.
989 2781 1028 2828 Sic
1037 2781 1086 2827 fere
1097 2799 1140 2828 suo
1154 2799 1211 2829 casu
1221 2784 1263 2830 ab·

202 2857 310 2913 xissent;
322 2852 380 2902 vide
396 2854 426 2902 ad
445 2858 473 2915 I,
494 2855 542 2913 36,
557 2873 581 2903 n.
596 2857 625 2916 3,
639 2868 664 2903 et
680 2855 711 2902 ad
755 2857 818 2905 sumi
830 2860 931 2917 xxm,
941 2875 973 2906 aa
986 2877 1024 2924 pr.
1035 2872 1059 2907 et
1062 2859 1122 2926 ferto
1129 2863 1212 2924 perire
1222 2879 1261 2925 ap.

200 2938 260 2985 Tac.
273 2939 339 2984 aun.
353 2938 392 2993 11,
405 2942 449 2990 14,
460 2951 485 2980 n.
497 2942 521 2990 4.
537 2935 653 2998 Auspicio
664 2951 711 2999 pro
755 2938 824 3002 Virg.
834 2941 889 2987 AEn.
901 2942 944 2998 IV,
954 2940 1018 3004 696,
1030 2941 1072 2987 ubi
1084 2942 1115 2988 cf.
1126 2945 1209 3006 Intpp.

201 3016 228 3064 in
236 3015 358 3080 auspicio,
369 3015 407 3061 vel
419 3029 468 3078 quo
480 3025 590 3078 tempore
602 3015 711 3080 auspicio
792 3026 816 3074 a.
827 3018 974 3083 Religionem
986 3020 1068 3068 animo
1080 3021 1194 3077 incussio·
1205 3021 1263 3071 vide

203 3111 302 3160 operam
312 3093 434 3152 dabat,'ut
444 3092 507 3140 ludis
519 3094 570 3159 (ΙΙ,
582 3092 711 3157 36,n.a)‚
756 3096 787 3144 ad
801 3099 838 3156 H,
852 3097 875 3155 5,
889 3115 912 3145 n.
926 3109 950 3153 a.

204 3186 229 3222 et
244 3174 348 3228 slmilia3
362 3172 485 3220 Drakenb.
501 3199 536 3209 -
556 3172 709 3230 Obtruntiari,
792 3177 815 3223 5.
835 3177 945 3224 Consules
962 3178 1056 3242 imperii
1066 3191 1176 3243 potentes
1182 3178 1259 3245 feeit,

201 3255 270 3302 triste
280 3254 415 3317 auspicium
425 3269 480 3301 cum
495 3253 597 3300 formula
611 3253 660 3300 alio
673 3254 713 3301 die
755 3255 780 3302 h.
791 3272 811 3304 e.
822 3257 915 3315 effecit,
928 3269 955 3305 ut
967 3259 1095 3322 imperium
1106 3275 1228 3315 exercere,
1238 3270 1263 3307 et

202 3333 320 3390 nuntiari,
335 3345 361 3381 ut
368 3333 534 3380 deterreatura
542 3334 645 3380 consilio
654 3350 713 3391 suo,
756 3335 856 3394 milites,
863 3338 987 3399 pugnandi
997 3340 1130 3402 cupiditate
1139 3338 1262 3397 ardentes,

203 3423 228 3460 et
238 3413 362 3475 inceptum
372 3412 526 3475 impediatur.
540 3413 577 3461 Cf.
588 3413 639 3460 Cic.
650 3413 712 3458 Phil.
756 3430 868 3462 coercere
881 3428 988 3479 possent.
1003 3418 1074 3466 Cous.
1088 3419 1119 3465 ad
1131 3420 1203 3477 VIII,
1218 3419 1262 3478 13,

203 3493 240 3548 11,
254 3491 300 3548 33;
311 3505 357 3554 pro
369 3493 435 3537 Sext.
451 3491 579 3549 xxxvl,
593 3491 635 3550 37,
646 3502 670 3538 et
679 3492 709 3538 al.
755 3509 780 3541 n.
793 3507 822 3554 9,
832 3505 856 3541 et
865 3497 918 3554 lx,
933 3504 1044 3551 14,n.t.
1058 3525 1092 3532 -
1107 3499 1214 3545 Ambitio
1226 3499 1263 3546 al·

238 3570 262 3616 3.
276 3568 392 3616 Flaminii
403 3580 483 3615 tamen
497 3585 577 3616 recens
591 3584 672 3626 casus,
686 3581 711 3616 et
755 3572 828 3619 terius
846 3575 968 3633 consulis,
986 3576 1104 3624 Flaminii.
1124 3606 1158 3613 -
1168 3578 1262 3626 Vocab.

202 3651 230 3697 P.
239 3647 337 3695 Claudii
344 3647 466 3694 Pulchri..
474 3648 581 3705 .clades,
591 3664 645 3711 quae
655 3665 711 3695 con·
755 3651 855 3698 ambitio
869 3653 965 3702 Crever.
975 3655 1131 3720 intelligitur,
1145 3672 1202 3702 cura
1215 3672 1266 3702 am·

203 3727 306 3791 temptui
316 3727 480 3790 auspiciorum
490 3727 666 3774 tribuebantur.
674 3730 711 3775 De
755 3729 838 3776 biendi
854 3744 879 3780 et
896 3735 1032 3798 aucupandi
1050 3735 1153 3782 militum
1172 3735 1263 3782 favoris

202 3805 245 3852 illa
257 3804 314 3851 vide
326 3821 379 3869 sup.
394 3823 448 3869 cap.
462 3806 475 3852 3
490 3822 526 3869 sq.
542 3806 571 3853 de
585 3806 634 3854 hoc
645 3808 710 3870 Epit.
754 3824 799 3872 per
810 3813 994 3860 assentationem
1005 3827 1030 3862 et
1043 3815 1183 3862 indecorum
1196 3813 1264 3862 obse·

203 3883 246 3931 lib.
256 3885 320 3930 m
328 3902 335 3942 ;
344 3885 395 3934 Cic.
405 3886 461 3933 Nat.
471 3887 546 3934 Deor.
556 3888 594 3944 II,
607 3887 635 3944 3,
648 3899 671 3934 et
681 3887 712 3934 de
755 3886 848 3951 quium.
858 3893 901 3940 Eu.
913 3920 947 3928 -
957 3895 1033 3957 Apud
1039 3911 1090 3950 eos,
1103 3895 1155 3940 scil.
1165 3895 1262 3943 milites.

206 3963 263 4009 Div.
276 3965 302 4021 1,
316 3963 359 4021 16;
370 3965 407 4023 11,
421 3966 466 4023 33,
475 3966 555 4012 vater.
568 3968 635 4013 Max.
647 3969 671 4024 I,
683 3974 711 4023 a,
756 3968 804 4040 Sed
817 3969 875 4018 dura
889 3984 925 4019 est
937 3973 1036 4037 ellipsis.
1051 3977 1123 4022 Forte
1136 3974 1183 4039 leg.
1196 3974 1266 4038 apud

209 4041 334 4105 33P0lyb.
342 4044 366 4102 1,
377 4043 465 4106 49-52.
481 4044 567 4102 Casus,
577 4045 711 4103 calamitas,
755 4063 867 4099 accensos
874 4069 956 4115 prava
966 4053 1125 4120 indulgentia.
1137 4083 1172 4092 -
1183 4054 1262 4119 Maje·
