<?xml version="1.0" encoding="UTF-8"?>
<!DOCTYPE html PUBLIC "-//W3C//DTD XHTML 1.0 Transitional//EN"
    "http://www.w3.org/TR/xhtml1/DTD/xhtml1-transitional.dtd">
<html xmlns="http://www.w3.org/1999/xhtml" xml:lang="en" lang="en">
 <head>
  <title>
</title>
<meta http-equiv="Content-Type" content="text/html;charset=utf-8" />
  <meta name='ocr-system' content='tesseract 3.04.00' />
  <meta name='ocr-capabilities' content='ocr_page ocr_carea ocr_par ocr_line ocrx_word'/>
</head>
<body>
  <div class='ocr_page' id='page_1' title='image "./titusliviuspata06freigoog_0358.png"; bbox 0 0 2782 4568; ppageno 0'>
   <div class='ocr_carea' id='block_1_1' title="bbox 96 325 1298 3534">
    <p class='ocr_par' dir='ltr' id='par_1_1' title="bbox 96 325 1298 3534">
     <span class='ocr_line' id='line_1_1' title="bbox 185 325 1218 440; baseline 0.009 -27"><span class='ocrx_word' id='word_1_1' title='bbox 185 325 310 440; x_wconf 52' lang='lat' dir='ltr'><em>titt:</em></span> <span class='ocrx_word' id='word_1_2' title='bbox 374 347 535 415; x_wconf 77' lang='lat' dir='ltr'><em>tiana</em></span> <span class='ocrx_word' id='word_1_3' title='bbox 563 346 707 414; x_wconf 80' lang='lat' dir='ltr'><em>xxul.</em></span> <span class='ocrx_word' id='word_1_4' title='bbox 734 341 837 415; x_wconf 76' lang='lat' dir='ltr'><em>car.</em></span> <span class='ocrx_word' id='word_1_5' title='bbox 865 347 1002 414; x_wconf 68' lang='lat' dir='ltr'><em>xum.</em></span> <span class='ocrx_word' id='word_1_6' title='bbox 1149 346 1218 421; x_wconf 78' lang='lat'><em>353</em></span> 
     </span>
     <span class='ocr_line' id='line_1_2' title="bbox 151 467 1220 568; baseline 0.001 -31"><span class='ocrx_word' id='word_1_7' title='bbox 151 467 385 567; x_wconf 60' lang='lat' dir='ltr'><em>praesidium</em></span> <span class='ocrx_word' id='word_1_8' title='bbox 401 483 603 563; x_wconf 84' lang='lat' dir='ltr'><em>postremo,</em></span> <span class='ocrx_word' id='word_1_9' title='bbox 624 473 663 536; x_wconf 87' lang='lat' dir='ltr'><em>ni</em></span> <span class='ocrx_word' id='word_1_10' title='bbox 679 472 946 567; x_wconf 63' lang='lat' dir='ltr'><em>impetraretur,</em></span> <span class='ocrx_word' id='word_1_11' title='bbox 968 483 1043 538; x_wconf 87' lang='lat' dir='ltr'><em>tum</em></span> <span class='ocrx_word' id='word_1_12' title='bbox 1065 468 1220 568; x_wconf 74' lang='lat' dir='ltr'><em>deniqne</em></span> 
     </span>
     <span class='ocr_line' id='line_1_3' title="bbox 159 579 1220 677; baseline 0.005 -28"><span class='ocrx_word' id='word_1_13' title='bbox 159 579 544 677; x_wconf 77' lang='lat' dir='ltr'><em>querendum,frustra</em></span> <span class='ocrx_word' id='word_1_14' title='bbox 560 603 663 676; x_wconf 88' lang='lat' dir='ltr'><em>opem</em></span> <span class='ocrx_word' id='word_1_15' title='bbox 676 580 908 674; x_wconf 78' lang='lat' dir='ltr'><em>imploratam.</em></span> <span class='ocrx_word' id='word_1_16' title='bbox 922 583 1133 650; x_wconf 78' lang='lat' dir='ltr'><em>Exercitum</em></span> <span class='ocrx_word' id='word_1_17' title='bbox 1147 608 1220 654; x_wconf 86' lang='lat' dir='ltr'><em>sese</em></span> 
     </span>
     <span class='ocr_line' id='line_1_4' title="bbox 160 688 1223 786; baseline 0.005 -28"><span class='ocrx_word' id='word_1_18' title='bbox 160 713 231 758; x_wconf 85' lang='lat' dir='ltr'><em>non</em></span> <span class='ocrx_word' id='word_1_19' title='bbox 249 696 285 758; x_wconf 89' lang='lat' dir='ltr'><em>ia</em></span> <span class='ocrx_word' id='word_1_20' title='bbox 303 714 429 786; x_wconf 77' lang='lat' dir='ltr'><em>agrum</em></span> <span class='ocrx_word' id='word_1_21' title='bbox 449 688 630 784; x_wconf 74' lang='lat' dir='ltr'><em>himinum</em></span> <span class='ocrx_word' id='word_1_22' title='bbox 647 691 898 775; x_wconf 77' lang='lat' dir='ltr'><em>samnitemve,</em></span> <span class='ocrx_word' id='word_1_23' title='bbox 920 713 965 758; x_wconf 88' lang='lat' dir='ltr'><em>ae</em></span> <span class='ocrx_word' id='word_1_24' title='bbox 982 691 1106 786; x_wconf 81' lang='lat' dir='ltr'><em>etipse</em></span> <span class='ocrx_word' id='word_1_25' title='bbox 1123 698 1223 764; x_wconf 86' lang='lat' dir='ltr'><em>oneri</em></span> 
     </span>
     <span class='ocr_line' id='line_1_5' title="bbox 96 798 1221 901; baseline 0.002 -32"><span class='ocrx_word' id='word_1_26' title='bbox 96 888 105 901; x_wconf 83' lang='lat'><em>.</em></span> <span class='ocrx_word' id='word_1_27' title='bbox 158 815 259 886; x_wconf 86' lang='lat' dir='ltr'><em>esset,</em></span> <span class='ocrx_word' id='word_1_28' title='bbox 273 799 339 870; x_wconf 87' lang='lat' dir='ltr'><em>sed</em></span> <span class='ocrx_word' id='word_1_29' title='bbox 350 806 387 870; x_wconf 89' lang='lat' dir='ltr'><em>in</em></span> <span class='ocrx_word' id='word_1_30' title='bbox 394 805 570 897; x_wconf 72' lang='lat' dir='ltr'><em>proxima</em></span> <span class='ocrx_word' id='word_1_31' title='bbox 586 798 663 867; x_wconf 86' lang='lat' dir='ltr'><em>loca</em></span> <span class='ocrx_word' id='word_1_32' title='bbox 677 804 853 868; x_wconf 84' lang='lat' dir='ltr'><em>sociorum</em></span> <span class='ocrx_word' id='word_1_33' title='bbox 859 799 994 895; x_wconf 86' lang='lat' dir='ltr'><em>populi</em></span> <span class='ocrx_word' id='word_1_34' title='bbox 1004 809 1144 870; x_wconf 84' lang='lat' dir='ltr'><em>romani</em></span> <span class='ocrx_word' id='word_1_35' title='bbox 1155 799 1221 872; x_wconf 82' lang='lat' dir='ltr'><em>aal-</em></span> 
     </span>
     <span class='ocr_line' id='line_1_6' title="bbox 159 905 1219 1008; baseline 0.001 -28"><span class='ocrx_word' id='word_1_36' title='bbox 159 909 359 980; x_wconf 88' lang='lat' dir='ltr'><em>ducturum.</em></span> <span class='ocrx_word' id='word_1_37' title='bbox 376 917 424 981; x_wconf 88' lang='lat' dir='ltr'><em>Iis</em></span> <span class='ocrx_word' id='word_1_38' title='bbox 440 906 664 1008; x_wconf 75' lang='lat' dir='ltr'><em>populandis</em></span> <span class='ocrx_word' id='word_1_39' title='bbox 681 924 717 978; x_wconf 89' lang='lat' dir='ltr'><em>et</em></span> <span class='ocrx_word' id='word_1_40' title='bbox 728 905 873 977; x_wconf 88' lang='lat' dir='ltr'><em>militem</em></span> <span class='ocrx_word' id='word_1_41' title='bbox 886 932 989 979; x_wconf 86' lang='lat' dir='ltr'><em>suum</em></span> <span class='ocrx_word' id='word_1_42' title='bbox 1002 908 1219 1006; x_wconf 82' lang='lat' dir='ltr'><em>repleturum</em></span> 
     </span>
     <span class='ocr_line' id='line_1_7' title="bbox 156 1013 1224 1117; baseline 0.001 -27"><span class='ocrx_word' id='word_1_43' title='bbox 156 1042 210 1104; x_wconf 86' lang='lat' dir='ltr'><em>se,</em></span> <span class='ocrx_word' id='word_1_44' title='bbox 229 1035 265 1089; x_wconf 84' lang='lat' dir='ltr'><em>et</em></span> <span class='ocrx_word' id='word_1_45' title='bbox 276 1038 368 1090; x_wconf 84' lang='lat' dir='ltr'><em>metu</em></span> <span class='ocrx_word' id='word_1_46' title='bbox 380 1018 513 1117; x_wconf 88' lang='lat' dir='ltr'><em>procul</em></span> <span class='ocrx_word' id='word_1_47' title='bbox 526 1019 574 1089; x_wconf 86' lang='lat' dir='ltr'><em>ab</em></span> <span class='ocrx_word' id='word_1_48' title='bbox 588 1024 631 1088; x_wconf 88' lang='lat' dir='ltr'><em>iis</em></span> <span class='ocrx_word' id='word_1_49' title='bbox 643 1017 888 1088; x_wconf 83' lang='lat' dir='ltr'><em>submoturum</em></span> <span class='ocrx_word' id='word_1_50' title='bbox 906 1013 1029 1087; x_wconf 78' lang='lat' dir='ltr'><em>laostes.</em></span> <span class='ocrx_word' id='word_1_51' title='bbox 1050 1021 1159 1108; x_wconf 83' lang='lat' dir='ltr'><em>Quod</em></span> <span class='ocrx_word' id='word_1_52' title='bbox 1169 1021 1224 1091; x_wconf 86' lang='lat' dir='ltr'><em>ad</em></span> 
     </span>
     <span class='ocr_line' id='line_1_8' title="bbox 159 1127 1219 1223; baseline 0.004 -26"><span class='ocrx_word' id='word_1_53' title='bbox 159 1127 291 1199; x_wconf 85' lang='lat' dir='ltr'><em>bellum</em></span> <span class='ocrx_word' id='word_1_54' title='bbox 305 1153 486 1199; x_wconf 81' lang='lat' dir='ltr'><em>mmanum</em></span> <span class='ocrx_word' id='word_1_55' title='bbox 498 1135 675 1213; x_wconf 78' lang='lat' dir='ltr'><em>attineret,</em></span> <span class='ocrx_word' id='word_1_56' title='bbox 690 1135 722 1198; x_wconf 84' lang='lat' dir='ltr'><em>si</em></span> <span class='ocrx_word' id='word_1_57' title='bbox 732 1131 929 1197; x_wconf 84' lang='lat' dir='ltr'><em>Trasimeai</em></span> <span class='ocrx_word' id='word_1_58' title='bbox 940 1152 1052 1223; x_wconf 88' lang='lat' dir='ltr'><em>quam</em></span> <span class='ocrx_word' id='word_1_59' title='bbox 1069 1129 1219 1217; x_wconf 84' lang='lat' dir='ltr'><em>Trebia’,</em></span> 
     </span>
     <span class='ocr_line' id='line_1_9' title="bbox 156 1239 1221 1336; baseline 0.003 -29"><span class='ocrx_word' id='word_1_60' title='bbox 156 1244 192 1308; x_wconf 87' lang='lat' dir='ltr'><em>si</em></span> <span class='ocrx_word' id='word_1_61' title='bbox 210 1241 416 1310; x_wconf 85' lang='lat' dir='ltr'><em>Cannarum</em></span> <span class='ocrx_word' id='word_1_62' title='bbox 436 1264 546 1336; x_wconf 88' lang='lat' dir='ltr'><em>quam</em></span> <span class='ocrx_word' id='word_1_63' title='bbox 570 1243 764 1308; x_wconf 79' lang='lat' dir='ltr'><em>Trasimeni</em></span> <span class='ocrx_word' id='word_1_64' title='bbox 778 1263 908 1334; x_wconf 78' lang='lat' dir='ltr'><em>pugna</em></span> <span class='ocrx_word' id='word_1_65' title='bbox 930 1239 1087 1309; x_wconf 83' lang='lat' dir='ltr'><em>nobilior</em></span> <span class='ocrx_word' id='word_1_66' title='bbox 1105 1255 1221 1327; x_wconf 73' lang='lat' dir='ltr'><em>esset,</em></span> 
     </span>
     <span class='ocr_line' id='line_1_10' title="bbox 160 1348 1224 1447; baseline -0.001 -26"><span class='ocrx_word' id='word_1_67' title='bbox 160 1353 371 1421; x_wconf 87' lang='lat' dir='ltr'><em>Cannarum</em></span> <span class='ocrx_word' id='word_1_68' title='bbox 389 1375 426 1421; x_wconf 87' lang='lat' dir='ltr'><em>se</em></span> <span class='ocrx_word' id='word_1_69' title='bbox 444 1374 589 1447; x_wconf 87' lang='lat' dir='ltr'><em>quoque</em></span> <span class='ocrx_word' id='word_1_70' title='bbox 605 1353 814 1419; x_wconf 88' lang='lat' dir='ltr'><em>memoriam</em></span> <span class='ocrx_word' id='word_1_71' title='bbox 828 1348 1017 1418; x_wconf 88' lang='lat' dir='ltr'><em>obscuram</em></span> <span class='ocrx_word' id='word_1_72' title='bbox 1034 1350 1173 1439; x_wconf 84' lang='lat' dir='ltr'><em>majore</em></span> <span class='ocrx_word' id='word_1_73' title='bbox 1187 1364 1224 1420; x_wconf 88' lang='lat' dir='ltr'><em>et</em></span> 
     </span>
     <span class='ocr_line' id='line_1_11' title="bbox 158 1457 1222 1554; baseline 0.004 -28"><span class='ocrx_word' id='word_1_74' title='bbox 158 1457 311 1528; x_wconf 85' lang='lat' dir='ltr'><em>clariore</em></span> <span class='ocrx_word' id='word_1_75' title='bbox 325 1465 477 1530; x_wconf 79' lang='lat' dir='ltr'><em>uictoria</em></span> <span class='ocrx_word' id='word_1_76' title='bbox 484 1461 685 1548; x_wconf 80' lang='lat' dir='ltr'><em>facturum.</em></span> <span class='ocrx_word' id='word_1_77' title='bbox 704 1461 796 1527; x_wconf 89' lang='lat' dir='ltr'><em>Cum</em></span> <span class='ocrx_word' id='word_1_78' title='bbox 812 1457 883 1527; x_wconf 93' lang='lat' dir='ltr'><em>hoc</em></span> <span class='ocrx_word' id='word_1_79' title='bbox 900 1482 1076 1554; x_wconf 84' lang='lat' dir='ltr'><em>responso</em></span> <span class='ocrx_word' id='word_1_80' title='bbox 1095 1480 1222 1530; x_wconf 88' lang='lat' dir='ltr'><em>mune-</em></span> 
     </span>
     <span class='ocr_line' id='line_1_12' title="bbox 158 1563 1298 1665; baseline 0.004 -31"><span class='ocrx_word' id='word_1_81' title='bbox 158 1564 335 1662; x_wconf 82' lang='lat' dir='ltr'><em>ribusque</em></span> <span class='ocrx_word' id='word_1_82' title='bbox 348 1563 475 1665; x_wconf 88' lang='lat' dir='ltr'><em>amplis</em></span> <span class='ocrx_word' id='word_1_83' title='bbox 484 1569 619 1665; x_wconf 83' lang='lat' dir='ltr'><em>legatos</em></span> <span class='ocrx_word' id='word_1_84' title='bbox 634 1567 778 1637; x_wconf 88' lang='lat' dir='ltr'><em>dimisit.</em></span> <span class='ocrx_word' id='word_1_85' title='bbox 789 1572 888 1664; x_wconf 86' lang='lat' dir='ltr'><em>Ipse,</em></span> <span class='ocrx_word' id='word_1_86' title='bbox 900 1568 1065 1665; x_wconf 85' lang='lat' dir='ltr'><em>praesidio</em></span> <span class='ocrx_word' id='word_1_87' title='bbox 1079 1567 1223 1639; x_wconf 91' lang='lat' dir='ltr'><em>modico</em></span> <span class='ocrx_word' id='word_1_88' title='bbox 1296 1625 1298 1631; x_wconf 94' lang='lat'><em>.</em></span> 
     </span>
     <span class='ocr_line' id='line_1_13' title="bbox 159 1676 1223 1776; baseline 0.002 -30"><span class='ocrx_word' id='word_1_89' title='bbox 159 1677 285 1747; x_wconf 87' lang='lat' dir='ltr'><em>relicto</em></span> <span class='ocrx_word' id='word_1_90' title='bbox 296 1679 335 1747; x_wconf 91' lang='lat' dir='ltr'><em>in</em></span> <span class='ocrx_word' id='word_1_91' title='bbox 347 1676 486 1766; x_wconf 86' lang='lat' dir='ltr'><em>Tifatis,</em></span> <span class='ocrx_word' id='word_1_92' title='bbox 499 1676 682 1776; x_wconf 88' lang='lat' dir='ltr'><em>profectus</em></span> <span class='ocrx_word' id='word_1_93' title='bbox 697 1693 825 1749; x_wconf 84' lang='lat' dir='ltr'><em>caetero</em></span> <span class='ocrx_word' id='word_1_94' title='bbox 840 1679 1021 1748; x_wconf 79' lang='lat' dir='ltr'><em>exercitu²</em></span> <span class='ocrx_word' id='word_1_95' title='bbox 1032 1680 1083 1748; x_wconf 88' lang='lat' dir='ltr'><em>ire</em></span> <span class='ocrx_word' id='word_1_96' title='bbox 1095 1678 1223 1750; x_wconf 86' lang='lat' dir='ltr'><em>Nolam</em></span> 
     </span>
     <span class='ocr_line' id='line_1_14' title="bbox 159 1782 1223 1884; baseline 0 -28"><span class='ocrx_word' id='word_1_97' title='bbox 159 1789 287 1884; x_wconf 84' lang='lat' dir='ltr'><em>pergit.</em></span> <span class='ocrx_word' id='word_1_98' title='bbox 306 1788 443 1858; x_wconf 88' lang='lat' dir='ltr'><em>Eodem</em></span> <span class='ocrx_word' id='word_1_99' title='bbox 457 1793 587 1859; x_wconf 88' lang='lat' dir='ltr'><em>Hanno</em></span> <span class='ocrx_word' id='word_1_100' title='bbox 607 1811 652 1858; x_wconf 84' lang='lat' dir='ltr'><em>ex</em></span> <span class='ocrx_word' id='word_1_101' title='bbox 666 1782 848 1871; x_wconf 79' lang='lat' dir='ltr'><em>Bruttiis³‚</em></span> <span class='ocrx_word' id='word_1_102' title='bbox 867 1810 949 1856; x_wconf 91' lang='lat' dir='ltr'><em>cum</em></span> <span class='ocrx_word' id='word_1_103' title='bbox 965 1786 1223 1884; x_wconf 88' lang='lat' dir='ltr'><em>supplemento</em></span> 
     </span>
     <span class='ocr_line' id='line_1_15' title="bbox 159 1895 1224 1995; baseline 0.004 -30"><span class='ocrx_word' id='word_1_104' title='bbox 159 1895 375 1995; x_wconf 81' lang='lat' dir='ltr'><em>Carthagine</em></span> <span class='ocrx_word' id='word_1_105' title='bbox 400 1899 549 1969; x_wconf 80' lang='lat' dir='ltr'><em>advecto</em></span> <span class='ocrx_word' id='word_1_106' title='bbox 574 1911 682 1993; x_wconf 88' lang='lat' dir='ltr'><em>atque</em></span> <span class='ocrx_word' id='word_1_107' title='bbox 708 1896 928 1993; x_wconf 88' lang='lat' dir='ltr'><em>elephantis,</em></span> <span class='ocrx_word' id='word_1_108' title='bbox 955 1897 1064 1967; x_wconf 90' lang='lat' dir='ltr'><em>veuit.</em></span> <span class='ocrx_word' id='word_1_109' title='bbox 1093 1899 1224 1969; x_wconf 82' lang='lat' dir='ltr'><em>Castris</em></span> 
     </span>
     <span class='ocr_line' id='line_1_16' title="bbox 159 2003 1225 2107; baseline 0.001 -32"><span class='ocrx_word' id='word_1_110' title='bbox 159 2003 258 2077; x_wconf 90' lang='lat' dir='ltr'><em>haud</em></span> <span class='ocrx_word' id='word_1_111' title='bbox 273 2009 401 2105; x_wconf 87' lang='lat' dir='ltr'><em>procul</em></span> <span class='ocrx_word' id='word_1_112' title='bbox 416 2010 559 2107; x_wconf 88' lang='lat' dir='ltr'><em>positis,</em></span> <span class='ocrx_word' id='word_1_113' title='bbox 575 2008 683 2104; x_wconf 81' lang='lat' dir='ltr'><em>longe</em></span> <span class='ocrx_word' id='word_1_114' title='bbox 696 2007 762 2076; x_wconf 86' lang='lat' dir='ltr'><em>alia</em></span> <span class='ocrx_word' id='word_1_115' title='bbox 777 2007 899 2077; x_wconf 89' lang='lat' dir='ltr'><em>omnia</em></span> <span class='ocrx_word' id='word_1_116' title='bbox 913 2008 1113 2103; x_wconf 83' lang='lat' dir='ltr'><em>inquirenti</em></span> <span class='ocrx_word' id='word_1_117' title='bbox 1128 2031 1225 2078; x_wconf 91' lang='lat' dir='ltr'><em>com-</em></span> 
     </span>
     <span class='ocr_line' id='line_1_17' title="bbox 158 2117 1223 2217; baseline 0 -30"><span class='ocrx_word' id='word_1_118' title='bbox 158 2134 261 2214; x_wconf 87' lang='lat' dir='ltr'><em>perta</em></span> <span class='ocrx_word' id='word_1_119' title='bbox 280 2135 382 2206; x_wconf 88' lang='lat' dir='ltr'><em>sunt,</em></span> <span class='ocrx_word' id='word_1_120' title='bbox 405 2144 514 2216; x_wconf 87' lang='lat' dir='ltr'><em>quam</em></span> <span class='ocrx_word' id='word_1_121' title='bbox 538 2144 618 2217; x_wconf 87' lang='lat' dir='ltr'><em>quae</em></span> <span class='ocrx_word' id='word_1_122' title='bbox 639 2143 659 2189; x_wconf 91' lang='lat' dir='ltr'><em>a</em></span> <span class='ocrx_word' id='word_1_123' title='bbox 683 2119 807 2216; x_wconf 80' lang='lat' dir='ltr'><em>legatis</em></span> <span class='ocrx_word' id='word_1_124' title='bbox 832 2121 1014 2188; x_wconf 88' lang='lat' dir='ltr'><em>sociorum</em></span> <span class='ocrx_word' id='word_1_125' title='bbox 1033 2117 1223 2188; x_wconf 86' lang='lat' dir='ltr'><em>audierat:</em></span> 
     </span>
     <span class='ocr_line' id='line_1_18' title="bbox 160 2226 1225 2326; baseline 0.001 -29"><span class='ocrx_word' id='word_1_126' title='bbox 160 2228 250 2297; x_wconf 90' lang='lat' dir='ltr'><em>nihil</em></span> <span class='ocrx_word' id='word_1_127' title='bbox 267 2232 366 2299; x_wconf 90' lang='lat' dir='ltr'><em>enim</em></span> <span class='ocrx_word' id='word_1_128' title='bbox 383 2229 574 2300; x_wconf 84' lang='lat' dir='ltr'><em>Marcellus</em></span> <span class='ocrx_word' id='word_1_129' title='bbox 591 2231 639 2298; x_wconf 91' lang='lat' dir='ltr'><em>ita</em></span> <span class='ocrx_word' id='word_1_130' title='bbox 654 2227 820 2326; x_wconf 80' lang='lat' dir='ltr'><em>gerebat,</em></span> <span class='ocrx_word' id='word_1_131' title='bbox 836 2243 877 2299; x_wconf 87' lang='lat' dir='ltr'><em>ut</em></span> <span class='ocrx_word' id='word_1_132' title='bbox 897 2243 960 2298; x_wconf 90' lang='lat' dir='ltr'><em>aut</em></span> <span class='ocrx_word' id='word_1_133' title='bbox 975 2226 1146 2314; x_wconf 83' lang='lat' dir='ltr'><em>fortunae,</em></span> <span class='ocrx_word' id='word_1_134' title='bbox 1163 2243 1225 2298; x_wconf 91' lang='lat' dir='ltr'><em>aut</em></span> 
     </span>
     <span class='ocr_line' id='line_1_19' title="bbox 160 2338 1225 2434; baseline -0.001 -27"><span class='ocrx_word' id='word_1_135' title='bbox 160 2350 295 2409; x_wconf 88' lang='lat' dir='ltr'><em>temere</em></span> <span class='ocrx_word' id='word_1_136' title='bbox 309 2338 404 2408; x_wconf 91' lang='lat' dir='ltr'><em>hosti</em></span> <span class='ocrx_word' id='word_1_137' title='bbox 417 2341 647 2409; x_wconf 87' lang='lat' dir='ltr'><em>commissum</em></span> <span class='ocrx_word' id='word_1_138' title='bbox 662 2339 732 2408; x_wconf 93' lang='lat' dir='ltr'><em>dici</em></span> <span class='ocrx_word' id='word_1_139' title='bbox 751 2352 884 2431; x_wconf 89' lang='lat' dir='ltr'><em>posset.</em></span> <span class='ocrx_word' id='word_1_140' title='bbox 898 2338 1129 2434; x_wconf 80' lang='lat' dir='ltr'><em>Explorat0⁴‚</em></span> <span class='ocrx_word' id='word_1_141' title='bbox 1141 2361 1225 2408; x_wconf 89' lang='lat' dir='ltr'><em>cum</em></span> 
     </span>
     <span class='ocr_line' id='line_1_20' title="bbox 159 2445 1224 2544; baseline 0 -27"><span class='ocrx_word' id='word_1_142' title='bbox 159 2445 345 2544; x_wconf 83' lang='lat' dir='ltr'><em>firmisque</em></span> <span class='ocrx_word' id='word_1_143' title='bbox 367 2448 561 2544; x_wconf 81' lang='lat' dir='ltr'><em>praesidiis,</em></span> <span class='ocrx_word' id='word_1_144' title='bbox 582 2459 664 2516; x_wconf 88' lang='lat' dir='ltr'><em>tuto</em></span> <span class='ocrx_word' id='word_1_145' title='bbox 687 2458 859 2542; x_wconf 87' lang='lat' dir='ltr'><em>receptu,</em></span> <span class='ocrx_word' id='word_1_146' title='bbox 885 2447 1084 2543; x_wconf 72' lang='lat' dir='ltr'><em>praedatum</em></span> <span class='ocrx_word' id='word_1_147' title='bbox 1106 2450 1224 2534; x_wconf 87' lang='lat' dir='ltr'><em>ierat;</em></span> 
     </span>
     <span class='ocr_line' id='line_1_21' title="bbox 159 2556 1224 2652; baseline 0 -26"><span class='ocrx_word' id='word_1_148' title='bbox 159 2558 376 2652; x_wconf 86' lang='lat' dir='ltr'><em>omniaque,</em></span> <span class='ocrx_word' id='word_1_149' title='bbox 401 2558 500 2628; x_wconf 88' lang='lat' dir='ltr'><em>velut</em></span> <span class='ocrx_word' id='word_1_150' title='bbox 527 2556 697 2627; x_wconf 89' lang='lat' dir='ltr'><em>adversus</em></span> <span class='ocrx_word' id='word_1_151' title='bbox 724 2572 938 2652; x_wconf 66' lang='lat' dir='ltr'><em>praesentem</em></span> <span class='ocrx_word' id='word_1_152' title='bbox 964 2557 1224 2646; x_wconf 86' lang='lat' dir='ltr'><em>Hannibalem,</em></span> 
     </span>
     <span class='ocr_line' id='line_1_22' title="bbox 162 2664 1224 2762; baseline 0.002 -27"><span class='ocrx_word' id='word_1_153' title='bbox 162 2681 266 2736; x_wconf 90' lang='lat' dir='ltr'><em>cauta</em></span> <span class='ocrx_word' id='word_1_154' title='bbox 279 2667 492 2762; x_wconf 88' lang='lat' dir='ltr'><em>provisaque</em></span> <span class='ocrx_word' id='word_1_155' title='bbox 508 2666 664 2737; x_wconf 84' lang='lat' dir='ltr'><em>fuerunt.</em></span> <span class='ocrx_word' id='word_1_156' title='bbox 674 2670 785 2752; x_wconf 88' lang='lat' dir='ltr'><em>Tum,</em></span> <span class='ocrx_word' id='word_1_157' title='bbox 801 2664 867 2736; x_wconf 88' lang='lat' dir='ltr'><em>ubi</em></span> <span class='ocrx_word' id='word_1_158' title='bbox 882 2669 992 2738; x_wconf 86' lang='lat' dir='ltr'><em>sensit</em></span> <span class='ocrx_word' id='word_1_159' title='bbox 1010 2667 1151 2739; x_wconf 89' lang='lat' dir='ltr'><em>hostem</em></span> <span class='ocrx_word' id='word_1_160' title='bbox 1166 2668 1224 2738; x_wconf 90' lang='lat' dir='ltr'><em>ad·</em></span> 
     </span>
     <span class='ocr_line' id='line_1_23' title="bbox 161 2777 1225 2875; baseline 0.001 -29"><span class='ocrx_word' id='word_1_161' title='bbox 161 2788 326 2862; x_wconf 79' lang='lat' dir='ltr'><em>ventare,</em></span> <span class='ocrx_word' id='word_1_162' title='bbox 344 2777 465 2872; x_wconf 86' lang='lat' dir='ltr'><em>copias</em></span> <span class='ocrx_word' id='word_1_163' title='bbox 479 2778 573 2845; x_wconf 86' lang='lat' dir='ltr'><em>intra</em></span> <span class='ocrx_word' id='word_1_164' title='bbox 590 2777 725 2846; x_wconf 87' lang='lat' dir='ltr'><em>moeuia</em></span> <span class='ocrx_word' id='word_1_165' title='bbox 742 2778 879 2846; x_wconf 88' lang='lat' dir='ltr'><em>tenuit:</em></span> <span class='ocrx_word' id='word_1_166' title='bbox 895 2801 961 2875; x_wconf 88' lang='lat' dir='ltr'><em>per</em></span> <span class='ocrx_word' id='word_1_167' title='bbox 975 2800 1100 2847; x_wconf 89' lang='lat' dir='ltr'><em>muros</em></span> <span class='ocrx_word' id='word_1_168' title='bbox 1113 2779 1225 2849; x_wconf 91' lang='lat' dir='ltr'><em>inam-</em></span> 
     </span>
     <span class='ocr_line' id='line_1_24' title="bbox 161 2885 1227 2982; baseline -0.002 -25"><span class='ocrx_word' id='word_1_169' title='bbox 161 2886 288 2957; x_wconf 87' lang='lat' dir='ltr'><em>bulare</em></span> <span class='ocrx_word' id='word_1_170' title='bbox 308 2899 490 2956; x_wconf 83' lang='lat' dir='ltr'><em>senatores</em></span> <span class='ocrx_word' id='word_1_171' title='bbox 503 2887 657 2956; x_wconf 86' lang='lat' dir='ltr'><em>nolanos</em></span> <span class='ocrx_word' id='word_1_172' title='bbox 668 2885 792 2978; x_wconf 85' lang='lat' dir='ltr'><em>jussit,</em></span> <span class='ocrx_word' id='word_1_173' title='bbox 812 2898 848 2955; x_wconf 89' lang='lat' dir='ltr'><em>et</em></span> <span class='ocrx_word' id='word_1_174' title='bbox 863 2887 983 2954; x_wconf 85' lang='lat' dir='ltr'><em>omnia</em></span> <span class='ocrx_word' id='word_1_175' title='bbox 998 2886 1093 2955; x_wconf 86' lang='lat' dir='ltr'><em>circa</em></span> <span class='ocrx_word' id='word_1_176' title='bbox 1106 2885 1227 2982; x_wconf 75' lang='lat' dir='ltr'><em>explo</em></span> 
     </span>
     <span class='ocr_line' id='line_1_25' title="bbox 162 2992 1226 3093; baseline -0.003 -26"><span class='ocrx_word' id='word_1_177' title='bbox 162 3020 258 3084; x_wconf 88' lang='lat' dir='ltr'><em>rare,</em></span> <span class='ocrx_word' id='word_1_178' title='bbox 273 3020 353 3093; x_wconf 82' lang='lat' dir='ltr'><em>quae</em></span> <span class='ocrx_word' id='word_1_179' title='bbox 368 2996 464 3093; x_wconf 87' lang='lat' dir='ltr'><em>apud</em></span> <span class='ocrx_word' id='word_1_180' title='bbox 479 2996 598 3067; x_wconf 91' lang='lat' dir='ltr'><em>hostes</em></span> <span class='ocrx_word' id='word_1_181' title='bbox 611 2994 752 3066; x_wconf 88' lang='lat' dir='ltr'><em>fierent.</em></span> <span class='ocrx_word' id='word_1_182' title='bbox 767 2999 818 3064; x_wconf 85' lang='lat' dir='ltr'><em>Ex</em></span> <span class='ocrx_word' id='word_1_183' title='bbox 833 2997 874 3065; x_wconf 87' lang='lat' dir='ltr'><em>iis</em></span> <span class='ocrx_word' id='word_1_184' title='bbox 885 3001 1034 3080; x_wconf 82' lang='lat' dir='ltr'><em>Harma,</em></span> <span class='ocrx_word' id='word_1_185' title='bbox 1050 3018 1165 3090; x_wconf 91' lang='lat' dir='ltr'><em>quum</em></span> <span class='ocrx_word' id='word_1_186' title='bbox 1180 2992 1226 3064; x_wconf 92' lang='lat' dir='ltr'><em>ad</em></span> 
     </span>
     <span class='ocr_line' id='line_1_26' title="bbox 162 3105 1224 3193; baseline -0.005 -16"><span class='ocrx_word' id='word_1_187' title='bbox 162 3132 308 3178; x_wconf 86' lang='lat' dir='ltr'><em>murum</em></span> <span class='ocrx_word' id='word_1_188' title='bbox 332 3109 576 3193; x_wconf 87' lang='lat' dir='ltr'><em>successisset,</em></span> <span class='ocrx_word' id='word_1_189' title='bbox 602 3107 825 3177; x_wconf 87' lang='lat' dir='ltr'><em>Herennium</em></span> <span class='ocrx_word' id='word_1_190' title='bbox 846 3111 991 3175; x_wconf 89' lang='lat' dir='ltr'><em>Bassum</em></span> <span class='ocrx_word' id='word_1_191' title='bbox 1015 3119 1051 3174; x_wconf 90' lang='lat' dir='ltr'><em>et</em></span> <span class='ocrx_word' id='word_1_192' title='bbox 1073 3105 1224 3174; x_wconf 88' lang='lat' dir='ltr'><em>Herium</em></span> 
     </span>
     <span class='ocr_line' id='line_1_27' title="bbox 162 3213 1228 3314; baseline -0.005 -26"><span class='ocrx_word' id='word_1_193' title='bbox 162 3219 316 3289; x_wconf 85' lang='lat' dir='ltr'><em>Pettium</em></span> <span class='ocrx_word' id='word_1_194' title='bbox 329 3213 355 3304; x_wconf 84' lang='lat'><em>⁵,</em></span> <span class='ocrx_word' id='word_1_195' title='bbox 373 3217 417 3287; x_wconf 89' lang='lat' dir='ltr'><em>ad</em></span> <span class='ocrx_word' id='word_1_196' title='bbox 435 3217 658 3314; x_wconf 84' lang='lat' dir='ltr'><em>colloquium</em></span> <span class='ocrx_word' id='word_1_197' title='bbox 673 3229 857 3302; x_wconf 88' lang='lat' dir='ltr'><em>evocatos,</em></span> <span class='ocrx_word' id='word_1_198' title='bbox 875 3215 1125 3313; x_wconf 89' lang='lat' dir='ltr'><em>permissuque</em></span> <span class='ocrx_word' id='word_1_199' title='bbox 1139 3219 1228 3284; x_wconf 88' lang='lat' dir='ltr'><em>Mar-</em></span> 
     </span>
     <span class='ocr_line' id='line_1_28' title="bbox 163 3322 1225 3425; baseline -0.006 -24"><span class='ocrx_word' id='word_1_200' title='bbox 163 3322 244 3401; x_wconf 80' lang='lat' dir='ltr'><em>oetli</em></span> <span class='ocrx_word' id='word_1_201' title='bbox 264 3350 440 3424; x_wconf 82' lang='lat' dir='ltr'><em>egressos,</em></span> <span class='ocrx_word' id='word_1_202' title='bbox 457 3351 523 3425; x_wconf 89' lang='lat' dir='ltr'><em>per</em></span> <span class='ocrx_word' id='word_1_203' title='bbox 542 3327 776 3425; x_wconf 86' lang='lat' dir='ltr'><em>interpretem</em></span> <span class='ocrx_word' id='word_1_204' title='bbox 792 3325 998 3421; x_wconf 86' lang='lat' dir='ltr'><em>alloquitur.</em></span> <span class='ocrx_word' id='word_1_205' title='bbox 1015 3322 1225 3395; x_wconf 88' lang='lat' dir='ltr'><em>Hannibalis</em></span> 
     </span>
     <span class='ocr_line' id='line_1_29' title="bbox 162 3433 1228 3534; baseline 0.004 -32"><span class='ocrx_word' id='word_1_206' title='bbox 162 3434 333 3505; x_wconf 77' lang='lat' dir='ltr'><em>virtutem</em></span> <span class='ocrx_word' id='word_1_207' title='bbox 351 3435 609 3534; x_wconf 85' lang='lat' dir='ltr'><em>fortunamque</em></span> <span class='ocrx_word' id='word_1_208' title='bbox 628 3436 787 3508; x_wconf 87' lang='lat' dir='ltr'><em>extollit:</em></span> <span class='ocrx_word' id='word_1_209' title='bbox 801 3435 927 3534; x_wconf 91' lang='lat' dir='ltr'><em>populi</em></span> <span class='ocrx_word' id='word_1_210' title='bbox 941 3435 1081 3504; x_wconf 86' lang='lat' dir='ltr'><em>romani</em></span> <span class='ocrx_word' id='word_1_211' title='bbox 1095 3433 1228 3506; x_wconf 87' lang='lat' dir='ltr'><em>obterit</em></span> 
     </span>
    </p>
   </div>
   <div class='ocr_carea' id='block_1_2' title="bbox 159 3604 1229 4148">
    <p class='ocr_par' dir='ltr' id='par_1_2' title="bbox 159 3604 1229 4148">
     <span class='ocr_line' id='line_1_30' title="bbox 159 3604 1227 3680; baseline 0.002 -23"><span class='ocrx_word' id='word_1_212' title='bbox 159 3604 360 3675; x_wconf 71' lang='lat' dir='ltr'><em>ficisseprimum,</em></span> <span class='ocrx_word' id='word_1_213' title='bbox 368 3629 402 3662; x_wconf 85' lang='lat' dir='ltr'><em>ec.</em></span> <span class='ocrx_word' id='word_1_214' title='bbox 410 3631 470 3677; x_wconf 81' lang='lat' dir='ltr'><em>quas</em></span> <span class='ocrx_word' id='word_1_215' title='bbox 480 3616 560 3664; x_wconf 83' lang='lat' dir='ltr'><em>clades</em></span> <span class='ocrx_word' id='word_1_216' title='bbox 569 3615 673 3680; x_wconf 82' lang='lat' dir='ltr'><em>accepis-</em></span> <span class='ocrx_word' id='word_1_217' title='bbox 753 3622 779 3669; x_wconf 75' lang='grc'><em>4.</em></span> <span class='ocrx_word' id='word_1_218' title='bbox 792 3614 946 3678; x_wconf 55' lang='lat' dir='ltr'><em>&amp;ploratu</em></span> <span class='ocrx_word' id='word_1_219' title='bbox 954 3612 1011 3660; x_wconf 85' lang='lat' dir='ltr'><em>vide</em></span> <span class='ocrx_word' id='word_1_220' title='bbox 1020 3611 1051 3660; x_wconf 79' lang='lat' dir='ltr'><em>ed</em></span> <span class='ocrx_word' id='word_1_221' title='bbox 1062 3614 1087 3671; x_wconf 92' lang='lat' dir='ltr'><em>I,</em></span> <span class='ocrx_word' id='word_1_222' title='bbox 1099 3618 1142 3669; x_wconf 70' lang='lat'><em>41,</em></span> <span class='ocrx_word' id='word_1_223' title='bbox 1151 3628 1176 3660; x_wconf 90' lang='lat' dir='ltr'><em>n.</em></span> <span class='ocrx_word' id='word_1_224' title='bbox 1188 3626 1227 3659; x_wconf 87' lang='grc' dir='ltr'><em>ιο.</em></span> 
     </span>
     <span class='ocr_line' id='line_1_31' title="bbox 163 3691 1228 3755; baseline 0.001 -19"><span class='ocrx_word' id='word_1_225' title='bbox 163 3698 226 3737; x_wconf 84' lang='lat' dir='ltr'><em>eent.</em></span> <span class='ocrx_word' id='word_1_226' title='bbox 234 3691 282 3738; x_wconf 85' lang='lat' dir='ltr'><em>Sed</em></span> <span class='ocrx_word' id='word_1_227' title='bbox 291 3691 353 3738; x_wconf 86' lang='lat' dir='ltr'><em>forte</em></span> <span class='ocrx_word' id='word_1_228' title='bbox 362 3691 501 3754; x_wconf 82' lang='lat' dir='ltr'><em>legandum:</em></span> <span class='ocrx_word' id='word_1_229' title='bbox 510 3694 674 3742; x_wconf 78' lang='lat' dir='ltr'><em>Indicaudam</em></span> <span class='ocrx_word' id='word_1_230' title='bbox 717 3715 752 3730; x_wconf 66' lang='lat'><em>»-</em></span> <span class='ocrx_word' id='word_1_231' title='bbox 765 3695 825 3739; x_wconf 83' lang='lat' dir='ltr'><em>Tuto</em></span> <span class='ocrx_word' id='word_1_232' title='bbox 840 3703 952 3755; x_wconf 73' lang='lat' dir='ltr'><em>ncepta,-</em></span> <span class='ocrx_word' id='word_1_233' title='bbox 964 3691 998 3738; x_wconf 86' lang='lat' dir='ltr'><em>ita</em></span> <span class='ocrx_word' id='word_1_234' title='bbox 1012 3703 1039 3738; x_wconf 88' lang='lat' dir='ltr'><em>ut</em></span> <span class='ocrx_word' id='word_1_235' title='bbox 1054 3701 1165 3754; x_wconf 87' lang='lat' dir='ltr'><em>receptus</em></span> <span class='ocrx_word' id='word_1_236' title='bbox 1177 3691 1228 3750; x_wconf 73' lang='lat' dir='ltr'><em>eju</em></span> 
     </span>
     <span class='ocr_line' id='line_1_32' title="bbox 163 3769 1227 3835; baseline -0.001 -19"><span class='ocrx_word' id='word_1_237' title='bbox 163 3769 259 3817; x_wconf 82' lang='lat' dir='ltr'><em>cladem</em></span> <span class='ocrx_word' id='word_1_238' title='bbox 262 3770 343 3835; x_wconf 79' lang='lat' dir='ltr'><em>flu&#39;sse</em></span> <span class='ocrx_word' id='word_1_239' title='bbox 350 3770 464 3835; x_wconf 85' lang='lat' dir='ltr'><em>primum.</em></span> <span class='ocrx_word' id='word_1_240' title='bbox 669 3830 672 3834; x_wconf 15' lang='grc' dir='ltr'><strong>Δ</strong></span> <span class='ocrx_word' id='word_1_241' title='bbox 718 3782 780 3818; x_wconf 77' lang='lat' dir='ltr'><em>esset</em></span> <span class='ocrx_word' id='word_1_242' title='bbox 792 3781 871 3830; x_wconf 78' lang='lat' dir='ltr'><em>tutus,</em></span> <span class='ocrx_word' id='word_1_243' title='bbox 884 3782 911 3817; x_wconf 85' lang='lat' dir='ltr'><em>ut</em></span> <span class='ocrx_word' id='word_1_244' title='bbox 921 3781 975 3816; x_wconf 83' lang='lat' dir='ltr'><em>tuto</em></span> <span class='ocrx_word' id='word_1_245' title='bbox 985 3784 1010 3816; x_wconf 84' lang='lat' dir='ltr'><em>se</em></span> <span class='ocrx_word' id='word_1_246' title='bbox 1020 3770 1127 3832; x_wconf 84' lang='lat' dir='ltr'><em>recipcre</em></span> <span class='ocrx_word' id='word_1_247' title='bbox 1136 3779 1227 3832; x_wconf 71' lang='lat' dir='ltr'><em>posset.</em></span> 
     </span>
     <span class='ocr_line' id='line_1_33' title="bbox 201 3847 1229 3913; baseline 0 -19"><span class='ocrx_word' id='word_1_248' title='bbox 201 3866 224 3895; x_wconf 81' lang='lat'><em>2.</em></span> <span class='ocrx_word' id='word_1_249' title='bbox 240 3849 365 3913; x_wconf 80' lang='lat' dir='ltr'><em>Profectus</em></span> <span class='ocrx_word' id='word_1_250' title='bbox 382 3862 468 3898; x_wconf 77' lang='lat' dir='ltr'><em>eoeoero</em></span> <span class='ocrx_word' id='word_1_251' title='bbox 483 3852 591 3900; x_wconf 78' lang='lat' dir='ltr'><em>exercitu</em></span> <span class='ocrx_word' id='word_1_252' title='bbox 596 3872 606 3910; x_wconf 88' lang='lat'><em>,-</em></span> <span class='ocrx_word' id='word_1_253' title='bbox 618 3851 675 3899; x_wconf 75' lang='lat' dir='ltr'><em>vide</em></span> <span class='ocrx_word' id='word_1_254' title='bbox 717 3847 1229 3910; x_wconf 75' lang='lat' dir='ltr'><em>Contndxxn,12,n.9.-ruerunt:</em></span> 
     </span>
     <span class='ocr_line' id='line_1_34' title="bbox 166 3926 996 3994; baseline 0.002 -21"><span class='ocrx_word' id='word_1_255' title='bbox 166 3926 198 3973; x_wconf 80' lang='lat' dir='ltr'><em>ed</em></span> <span class='ocrx_word' id='word_1_256' title='bbox 211 3930 236 3983; x_wconf 92' lang='lat'><em>1,</em></span> <span class='ocrx_word' id='word_1_257' title='bbox 252 3933 296 3984; x_wconf 73' lang='lat'><em>14,</em></span> <span class='ocrx_word' id='word_1_258' title='bbox 307 3943 333 3974; x_wconf 85' lang='lat' dir='ltr'><em>n.</em></span> <span class='ocrx_word' id='word_1_259' title='bbox 347 3935 372 3982; x_wconf 72' lang='lat' dir='ltr'><em>t.</em></span> <span class='ocrx_word' id='word_1_260' title='bbox 719 3928 916 3994; x_wconf 78' lang='lat' dir='ltr'><em>immofiterent;</em></span> <span class='ocrx_word' id='word_1_261' title='bbox 925 3926 996 3976; x_wconf 83' lang='lat' dir='ltr'><em>Crev.</em></span> 
     </span>
     <span class='ocr_line' id='line_1_35' title="bbox 203 4003 1229 4065; baseline 0.002 -15"><span class='ocrx_word' id='word_1_262' title='bbox 203 4005 226 4053; x_wconf 80' lang='lat'><em>3.</em></span> <span class='ocrx_word' id='word_1_263' title='bbox 241 4006 331 4052; x_wconf 83' lang='lat' dir='ltr'><em>Hunno</em></span> <span class='ocrx_word' id='word_1_264' title='bbox 345 4020 378 4054; x_wconf 79' lang='lat' dir='ltr'><em>ea</em></span> <span class='ocrx_word' id='word_1_265' title='bbox 394 4007 504 4065; x_wconf 67' lang='lat' dir='ltr'><em>Bruttiis,</em></span> <span class='ocrx_word' id='word_1_266' title='bbox 520 4019 566 4057; x_wconf 88' lang='lat' dir='ltr'><em>etc.</em></span> <span class='ocrx_word' id='word_1_267' title='bbox 582 4009 675 4057; x_wconf 81' lang='lat' dir='ltr'><em>Confer</em></span> <span class='ocrx_word' id='word_1_268' title='bbox 756 4009 781 4055; x_wconf 81' lang='lat'><em>5.</em></span> <span class='ocrx_word' id='word_1_269' title='bbox 799 4006 901 4054; x_wconf 77' lang='lat' dir='ltr'><em>Herium</em></span> <span class='ocrx_word' id='word_1_270' title='bbox 915 4006 1020 4055; x_wconf 79' lang='lat' dir='ltr'><em>Pettium</em></span> <span class='ocrx_word' id='word_1_271' title='bbox 1035 4004 1106 4055; x_wconf 75' lang='lat' dir='ltr'><em>MSS.</em></span> <span class='ocrx_word' id='word_1_272' title='bbox 1121 4003 1229 4054; x_wconf 70' lang='lat' dir='ltr'><em>Petriana</em></span> 
     </span>
     <span class='ocr_line' id='line_1_36' title="bbox 167 4085 922 4148; baseline 0.005 -18"><span class='ocrx_word' id='word_1_273' title='bbox 167 4098 223 4148; x_wconf 79' lang='lat' dir='ltr'><em>esp.</em></span> <span class='ocrx_word' id='word_1_274' title='bbox 235 4085 278 4146; x_wconf 78' lang='lat'><em>37.</em></span> <span class='ocrx_word' id='word_1_275' title='bbox 720 4086 850 4135; x_wconf 72' lang='lat' dir='ltr'><em>eddam.</em></span> <span class='ocrx_word' id='word_1_276' title='bbox 899 4135 901 4139; x_wconf 82' lang='grc'>,</span> <span class='ocrx_word' id='word_1_277' title='bbox 917 4094 922 4104; x_wconf 69' lang='grc'><em>“</em></span> 
     </span>
    </p>
   </div>
   <div class='ocr_carea' id='block_1_3' title="bbox 292 4166 1063 4255">
    <p class='ocr_par' dir='ltr' id='par_1_3' title="bbox 292 4166 1063 4255">
     <span class='ocr_line' id='line_1_37' title="bbox 292 4166 1063 4255; baseline -0.003 -15"><span class='ocrx_word' id='word_1_278' title='bbox 292 4170 358 4242; x_wconf 86' lang='lat' dir='ltr'><em>IV.</em></span> <span class='ocrx_word' id='word_1_279' title='bbox 654 4251 656 4255; x_wconf 21' lang='lat'><strong><em>¹</em></strong></span> <span class='ocrx_word' id='word_1_280' title='bbox 1018 4166 1063 4238; x_wconf 81' lang='lat'><em>23</em></span> 
     </span>
    </p>
   </div>
   <div class='ocr_carea' id='block_1_4' title="bbox 0 0 1403 4568">
    <p class='ocr_par' dir='ltr' id='par_1_4' title="bbox 0 0 1403 4568">
     <span class='ocr_line' id='line_1_38' title="bbox 0 0 1403 4568; baseline 0 0"><span class='ocrx_word' id='word_1_281' title='bbox 0 0 1403 4568; x_wconf 95' lang='lat' dir='ltr'><em> </em></span> 
     </span>
    </p>
   </div>
  </div>
 </body>
</html>
