<?xml version="1.0" encoding="UTF-8"?>
<!DOCTYPE html PUBLIC "-//W3C//DTD XHTML 1.0 Transitional//EN"
    "http://www.w3.org/TR/xhtml1/DTD/xhtml1-transitional.dtd">
<html xmlns="http://www.w3.org/1999/xhtml" xml:lang="en" lang="en">
 <head>
  <title>
</title>
<meta http-equiv="Content-Type" content="text/html;charset=utf-8" />
  <meta name='ocr-system' content='tesseract 3.04.00' />
  <meta name='ocr-capabilities' content='ocr_page ocr_carea ocr_par ocr_line ocrx_word'/>
</head>
<body>
  <div class='ocr_page' id='page_1' title='image "./titusliviuspata06freigoog_0071.png"; bbox 0 0 2782 4568; ppageno 0'>
   <div class='ocr_carea' id='block_1_1' title="bbox 153 264 1217 1702">
    <p class='ocr_par' dir='ltr' id='par_1_1' title="bbox 156 264 1182 369">
     <span class='ocr_line' id='line_1_1' title="bbox 156 264 1181 369; baseline -0.011 -14"><span class='ocrx_word' id='word_1_1' title='bbox 156 285 200 355; x_wconf 71' lang='lat'><strong>62</strong></span> <span class='ocrx_word' id='word_1_2' title='bbox 361 351 364 354; x_wconf 80' lang='grc'><strong>,</strong></span> <span class='ocrx_word' id='word_1_3' title='bbox 572 283 610 346; x_wconf 87' lang='grc' dir='ltr'><strong>Τ.</strong></span> <span class='ocrx_word' id='word_1_4' title='bbox 644 282 783 348; x_wconf 89' lang='lat' dir='ltr'>LIVII</span> <span class='ocrx_word' id='word_1_5' title='bbox 1063 264 1087 363; x_wconf 58' lang='grc' dir='ltr'><strong>ξ,</strong></span> <span class='ocrx_word' id='word_1_6' title='bbox 1100 265 1123 363; x_wconf 63' lang='lat' dir='ltr'><strong>f,</strong></span> <span class='ocrx_word' id='word_1_7' title='bbox 1138 265 1181 369; x_wconf 64' lang='lat'><strong>{3}</strong></span> 
     </span>
    </p>

    <p class='ocr_par' dir='ltr' id='par_1_2' title="bbox 153 395 1217 1702">
     <span class='ocr_line' id='line_1_2' title="bbox 154 395 1209 503; baseline -0.007 -28"><span class='ocrx_word' id='word_1_8' title='bbox 154 428 267 503; x_wconf 90' lang='lat' dir='ltr'><strong>quum</strong></span> <span class='ocrx_word' id='word_1_9' title='bbox 285 403 358 496; x_wconf 87' lang='lat' dir='ltr'><strong>jam</strong></span> <span class='ocrx_word' id='word_1_10' title='bbox 375 400 482 495; x_wconf 83' lang='lat' dir='ltr'>Alpes</span> <span class='ocrx_word' id='word_1_11' title='bbox 502 412 657 495; x_wconf 89' lang='lat' dir='ltr'><strong>peteret,</strong></span> <span class='ocrx_word' id='word_1_12' title='bbox 675 424 751 467; x_wconf 92' lang='lat' dir='ltr'><strong>non</strong></span> <span class='ocrx_word' id='word_1_13' title='bbox 770 410 867 468; x_wconf 89' lang='lat' dir='ltr'><strong>recta</strong></span> <span class='ocrx_word' id='word_1_14' title='bbox 884 395 1055 494; x_wconf 81' lang='lat' dir='ltr'><strong>regione8</strong></span> <span class='ocrx_word' id='word_1_15' title='bbox 1069 400 1137 470; x_wconf 91' lang='lat' dir='ltr'><strong>iter</strong></span> <span class='ocrx_word' id='word_1_16' title='bbox 1153 402 1209 469; x_wconf 92' lang='lat' dir='ltr'><strong>in-</strong></span> 
     </span>
     <span class='ocr_line' id='line_1_3' title="bbox 155 506 1211 605; baseline -0.008 -20"><span class='ocrx_word' id='word_1_17' title='bbox 155 516 287 600; x_wconf 83' lang='lat' dir='ltr'><strong>stituit,</strong></span> <span class='ocrx_word' id='word_1_18' title='bbox 309 510 372 581; x_wconf 92' lang='lat' dir='ltr'><strong>sed</strong></span> <span class='ocrx_word' id='word_1_19' title='bbox 391 507 435 579; x_wconf 94' lang='lat' dir='ltr'><strong>ad</strong></span> <span class='ocrx_word' id='word_1_20' title='bbox 452 509 573 578; x_wconf 87' lang='lat' dir='ltr'><strong>laevam</strong></span> <span class='ocrx_word' id='word_1_21' title='bbox 590 510 628 577; x_wconf 91' lang='lat' dir='ltr'><strong>in</strong></span> <span class='ocrx_word' id='word_1_22' title='bbox 644 509 860 578; x_wconf 84' lang='lat' dir='ltr'><strong>Tricastinos</strong></span> <span class='ocrx_word' id='word_1_23' title='bbox 875 506 973 577; x_wconf 83' lang='lat' dir='ltr'><strong>llexit</strong></span> <span class='ocrx_word' id='word_1_24' title='bbox 986 516 1022 575; x_wconf 89' lang='lat'><strong>9:</strong></span> <span class='ocrx_word' id='word_1_25' title='bbox 1040 508 1126 578; x_wconf 90' lang='lat' dir='ltr'><strong>inde</strong></span> <span class='ocrx_word' id='word_1_26' title='bbox 1145 533 1211 605; x_wconf 88' lang='lat' dir='ltr'><strong>per</strong></span> 
     </span>
     <span class='ocr_line' id='line_1_4' title="bbox 154 616 1211 713; baseline -0.006 -19"><span class='ocrx_word' id='word_1_27' title='bbox 154 639 349 694; x_wconf 82' lang='lat' dir='ltr'><strong>extremam</strong></span> <span class='ocrx_word' id='word_1_28' title='bbox 369 642 467 688; x_wconf 88' lang='lat' dir='ltr'><strong>oram</strong></span> <span class='ocrx_word' id='word_1_29' title='bbox 482 619 744 688; x_wconf 88' lang='lat' dir='ltr'><strong>Vocontiorum</strong></span> <span class='ocrx_word' id='word_1_30' title='bbox 764 619 838 713; x_wconf 87' lang='lat' dir='ltr'><strong>agri</strong></span> <span class='ocrx_word' id='word_1_31' title='bbox 858 616 1011 687; x_wconf 88' lang='lat' dir='ltr'><strong>tetendit</strong></span> <span class='ocrx_word' id='word_1_32' title='bbox 1032 619 1069 686; x_wconf 92' lang='lat' dir='ltr'><strong>in</strong></span> <span class='ocrx_word' id='word_1_33' title='bbox 1088 619 1211 688; x_wconf 88' lang='lat' dir='ltr'><strong>Trico-</strong></span> 
     </span>
     <span class='ocr_line' id='line_1_5' title="bbox 154 726 1212 823; baseline -0.005 -21"><span class='ocrx_word' id='word_1_34' title='bbox 154 734 242 802; x_wconf 87' lang='lat' dir='ltr'><strong>rios:</strong></span> <span class='ocrx_word' id='word_1_35' title='bbox 259 728 352 799; x_wconf 91' lang='lat' dir='ltr'><strong>haud</strong></span> <span class='ocrx_word' id='word_1_36' title='bbox 366 751 517 822; x_wconf 78' lang='lat' dir='ltr'><strong>usquam</strong></span> <span class='ocrx_word' id='word_1_37' title='bbox 530 726 701 823; x_wconf 88' lang='lat' dir='ltr'><strong>impedita</strong></span> <span class='ocrx_word' id='word_1_38' title='bbox 712 728 783 813; x_wconf 89' lang='lat' dir='ltr'><strong>via,</strong></span> <span class='ocrx_word' id='word_1_39' title='bbox 797 728 1005 822; x_wconf 88' lang='lat' dir='ltr'><strong>priusquam</strong></span> <span class='ocrx_word' id='word_1_40' title='bbox 1017 726 1058 796; x_wconf 89' lang='lat' dir='ltr'><strong>ad</strong></span> <span class='ocrx_word' id='word_1_41' title='bbox 1073 732 1212 798; x_wconf 90' lang='lat' dir='ltr'><strong>Druen-</strong></span> 
     </span>
     <span class='ocr_line' id='line_1_6' title="bbox 153 836 1213 934; baseline -0.002 -23"><span class='ocrx_word' id='word_1_42' title='bbox 153 844 239 912; x_wconf 86' lang='lat' dir='ltr'><strong>tiam</strong></span> <span class='ocrx_word' id='word_1_43' title='bbox 257 840 390 910; x_wconf 89' lang='lat' dir='ltr'><strong>flumen</strong></span> <span class='ocrx_word' id='word_1_44' title='bbox 408 838 583 933; x_wconf 89' lang='lat' dir='ltr'><strong>pervenit.</strong></span> <span class='ocrx_word' id='word_1_45' title='bbox 605 843 637 906; x_wconf 92' lang='lat' dir='ltr'><strong>Is</strong></span> <span class='ocrx_word' id='word_1_46' title='bbox 656 850 692 906; x_wconf 88' lang='lat' dir='ltr'><strong>et</strong></span> <span class='ocrx_word' id='word_1_47' title='bbox 706 838 781 932; x_wconf 90' lang='lat' dir='ltr'><strong>ipse</strong></span> <span class='ocrx_word' id='word_1_48' title='bbox 796 836 936 932; x_wconf 89' lang='lat' dir='ltr'><strong>alpinus</strong></span> <span class='ocrx_word' id='word_1_49' title='bbox 950 839 1095 907; x_wconf 88' lang='lat' dir='ltr'><strong>amnis¹‘&#39;</strong></span> <span class='ocrx_word' id='word_1_50' title='bbox 1106 837 1213 934; x_wconf 89' lang='lat' dir='ltr'><strong>louge</strong></span> 
     </span>
     <span class='ocr_line' id='line_1_7' title="bbox 155 943 1210 1020; baseline -0.005 -1"><span class='ocrx_word' id='word_1_51' title='bbox 155 950 318 1020; x_wconf 91' lang='lat' dir='ltr'><strong>omnium</strong></span> <span class='ocrx_word' id='word_1_52' title='bbox 343 947 464 1016; x_wconf 76' lang='lat' dir='ltr'><strong>Galliae</strong></span> <span class='ocrx_word' id='word_1_53' title='bbox 486 945 677 1014; x_wconf 89' lang='lat' dir='ltr'><strong>fluminum</strong></span> <span class='ocrx_word' id='word_1_54' title='bbox 703 943 932 1015; x_wconf 83' lang='lat' dir='ltr'><strong>difficillimus</strong></span> <span class='ocrx_word' id='word_1_55' title='bbox 957 949 1109 1016; x_wconf 90' lang='lat' dir='ltr'><strong>transitu</strong></span> <span class='ocrx_word' id='word_1_56' title='bbox 1135 962 1210 1017; x_wconf 90' lang='lat' dir='ltr'><strong>est:</strong></span> 
     </span>
     <span class='ocr_line' id='line_1_8' title="bbox 156 1052 1214 1154; baseline -0.004 -25"><span class='ocrx_word' id='word_1_57' title='bbox 156 1083 239 1129; x_wconf 89' lang='lat' dir='ltr'><strong>narn</strong></span> <span class='ocrx_word' id='word_1_58' title='bbox 268 1082 380 1154; x_wconf 92' lang='lat' dir='ltr'><strong>quum</strong></span> <span class='ocrx_word' id='word_1_59' title='bbox 409 1080 509 1152; x_wconf 87' lang='lat' dir='ltr'><strong>aquae</strong></span> <span class='ocrx_word' id='word_1_60' title='bbox 536 1057 607 1123; x_wconf 87' lang='lat' dir='ltr'><strong>vim</strong></span> <span class='ocrx_word' id='word_1_61' title='bbox 631 1052 737 1123; x_wconf 86' lang='lat' dir='ltr'><strong>vehat</strong></span> <span class='ocrx_word' id='word_1_62' title='bbox 762 1056 967 1150; x_wconf 90' lang='lat' dir='ltr'><strong>ingentem,</strong></span> <span class='ocrx_word' id='word_1_63' title='bbox 992 1080 1066 1125; x_wconf 92' lang='lat' dir='ltr'><strong>uon</strong></span> <span class='ocrx_word' id='word_1_64' title='bbox 1093 1070 1214 1126; x_wconf 91' lang='lat' dir='ltr'><strong>tamen</strong></span> 
     </span>
     <span class='ocr_line' id='line_1_9' title="bbox 157 1163 1214 1263; baseline -0.006 -24"><span class='ocrx_word' id='word_1_65' title='bbox 157 1171 300 1240; x_wconf 91' lang='lat' dir='ltr'><strong>navium</strong></span> <span class='ocrx_word' id='word_1_66' title='bbox 319 1168 459 1263; x_wconf 89' lang='lat' dir='ltr'><strong>patiens</strong></span> <span class='ocrx_word' id='word_1_67' title='bbox 476 1181 549 1235; x_wconf 92' lang='lat' dir='ltr'><strong>est:</strong></span> <span class='ocrx_word' id='word_1_68' title='bbox 566 1165 650 1260; x_wconf 89' lang='lat' dir='ltr'><strong>quia</strong></span> <span class='ocrx_word' id='word_1_69' title='bbox 668 1163 775 1232; x_wconf 91' lang='lat' dir='ltr'><strong>nullis</strong></span> <span class='ocrx_word' id='word_1_70' title='bbox 794 1164 968 1234; x_wconf 86' lang='lat' dir='ltr'><strong>coercitus</strong></span> <span class='ocrx_word' id='word_1_71' title='bbox 982 1166 1086 1261; x_wconf 86' lang='lat' dir='ltr'><strong>ripis,</strong></span> <span class='ocrx_word' id='word_1_72' title='bbox 1105 1165 1214 1262; x_wconf 93' lang='lat' dir='ltr'><strong>pluri·</strong></span> 
     </span>
     <span class='ocr_line' id='line_1_10' title="bbox 156 1275 1216 1372; baseline -0.004 -21"><span class='ocrx_word' id='word_1_73' title='bbox 156 1281 225 1351; x_wconf 92' lang='lat' dir='ltr'><strong>bus</strong></span> <span class='ocrx_word' id='word_1_74' title='bbox 244 1279 368 1363; x_wconf 90' lang='lat' dir='ltr'><strong>simul,</strong></span> <span class='ocrx_word' id='word_1_75' title='bbox 391 1302 510 1372; x_wconf 90' lang='lat' dir='ltr'><strong>neque</strong></span> <span class='ocrx_word' id='word_1_76' title='bbox 531 1276 657 1346; x_wconf 90' lang='lat' dir='ltr'><strong>iisdem</strong></span> <span class='ocrx_word' id='word_1_77' title='bbox 679 1275 786 1345; x_wconf 88' lang='lat' dir='ltr'><strong>alveis</strong></span> <span class='ocrx_word' id='word_1_78' title='bbox 804 1275 937 1362; x_wconf 88' lang='lat' dir='ltr'><strong>fluens,</strong></span> <span class='ocrx_word' id='word_1_79' title='bbox 959 1303 1053 1347; x_wconf 91' lang='lat' dir='ltr'><strong>nova</strong></span> <span class='ocrx_word' id='word_1_80' title='bbox 1075 1302 1216 1372; x_wconf 84' lang='lat' dir='ltr'><strong>semper</strong></span> 
     </span>
     <span class='ocr_line' id='line_1_11' title="bbox 157 1384 1216 1485; baseline -0.002 -26"><span class='ocrx_word' id='word_1_81' title='bbox 157 1390 246 1459; x_wconf 87' lang='lat' dir='ltr'><strong>vada</strong></span> <span class='ocrx_word' id='word_1_82' title='bbox 269 1411 455 1482; x_wconf 88' lang='lat' dir='ltr'><strong>novosque</strong></span> <span class='ocrx_word' id='word_1_83' title='bbox 476 1387 632 1482; x_wconf 83' lang='lat' dir='ltr'><strong>gurgites</strong></span> <span class='ocrx_word' id='word_1_84' title='bbox 651 1387 705 1479; x_wconf 84' lang='lat' dir='ltr'><strong>(et</strong></span> <span class='ocrx_word' id='word_1_85' title='bbox 724 1384 773 1454; x_wconf 92' lang='lat' dir='ltr'><strong>ob</strong></span> <span class='ocrx_word' id='word_1_86' title='bbox 793 1386 918 1456; x_wconf 87' lang='lat' dir='ltr'><strong>eadem</strong></span> <span class='ocrx_word' id='word_1_87' title='bbox 937 1388 1049 1483; x_wconf 88' lang='lat' dir='ltr'><strong>pediti</strong></span> <span class='ocrx_word' id='word_1_88' title='bbox 1066 1413 1216 1485; x_wconf 90' lang='lat' dir='ltr'><strong>quoque</strong></span> 
     </span>
     <span class='ocr_line' id='line_1_12' title="bbox 157 1493 1215 1590; baseline -0.002 -23"><span class='ocrx_word' id='word_1_89' title='bbox 157 1501 292 1568; x_wconf 88' lang='lat' dir='ltr'><strong>incerta</strong></span> <span class='ocrx_word' id='word_1_90' title='bbox 310 1499 367 1566; x_wconf 85' lang='lat' dir='ltr'><strong>via</strong></span> <span class='ocrx_word' id='word_1_91' title='bbox 389 1494 480 1590; x_wconf 77' lang='lat' dir='ltr'><strong>est),</strong></span> <span class='ocrx_word' id='word_1_92' title='bbox 497 1494 541 1564; x_wconf 90' lang='lat' dir='ltr'><strong>ad</strong></span> <span class='ocrx_word' id='word_1_93' title='bbox 564 1493 639 1563; x_wconf 87' lang='lat' dir='ltr'><strong>haec</strong></span> <span class='ocrx_word' id='word_1_94' title='bbox 659 1518 740 1562; x_wconf 87' lang='lat' dir='ltr'><strong>saxa</strong></span> <span class='ocrx_word' id='word_1_95' title='bbox 762 1495 923 1590; x_wconf 84' lang='lat' dir='ltr'><strong>glareosa</strong></span> <span class='ocrx_word' id='word_1_96' title='bbox 935 1508 962 1538; x_wconf 86' lang='lat'><strong>¹¹</strong></span> <span class='ocrx_word' id='word_1_97' title='bbox 980 1497 1145 1584; x_wconf 88' lang='lat' dir='ltr'><strong>volvens,</strong></span> <span class='ocrx_word' id='word_1_98' title='bbox 1163 1498 1215 1566; x_wconf 89' lang='lat' dir='ltr'><strong>ni-</strong></span> 
     </span>
     <span class='ocr_line' id='line_1_13' title="bbox 158 1603 1217 1702; baseline 0.001 -23"><span class='ocrx_word' id='word_1_99' title='bbox 158 1606 209 1680; x_wconf 91' lang='lat' dir='ltr'><strong>hil</strong></span> <span class='ocrx_word' id='word_1_100' title='bbox 220 1606 358 1695; x_wconf 90' lang='lat' dir='ltr'><strong>stabile,</strong></span> <span class='ocrx_word' id='word_1_101' title='bbox 371 1632 437 1676; x_wconf 87' lang='lat' dir='ltr'><strong>nee</strong></span> <span class='ocrx_word' id='word_1_102' title='bbox 451 1620 570 1675; x_wconf 89' lang='lat' dir='ltr'><strong>tutum</strong></span> <span class='ocrx_word' id='word_1_103' title='bbox 584 1603 801 1700; x_wconf 84' lang='lat' dir='ltr'><strong>ingredienti</strong></span> <span class='ocrx_word' id='word_1_104' title='bbox 811 1605 963 1702; x_wconf 78' lang='lat' dir='ltr'><strong>praebet3</strong></span> <span class='ocrx_word' id='word_1_105' title='bbox 977 1624 1012 1678; x_wconf 91' lang='lat' dir='ltr'><strong>et</strong></span> <span class='ocrx_word' id='word_1_106' title='bbox 1023 1623 1113 1697; x_wconf 93' lang='lat' dir='ltr'><strong>tum,</strong></span> <span class='ocrx_word' id='word_1_107' title='bbox 1123 1608 1217 1680; x_wconf 82' lang='lat' dir='ltr'><strong>forte</strong></span> 
     </span>
    </p>
   </div>
   <div class='ocr_carea' id='block_1_2' title="bbox 159 1809 1298 4078">
    <p class='ocr_par' dir='ltr' id='par_1_3' title="bbox 159 1809 1298 4078">
     <span class='ocr_line' id='line_1_14' title="bbox 159 1809 1219 1876; baseline 0 -15"><span class='ocrx_word' id='word_1_108' title='bbox 159 1814 265 1866; x_wconf 87' lang='lat' dir='ltr'><strong>ctionem</strong></span> <span class='ocrx_word' id='word_1_109' title='bbox 272 1810 375 1876; x_wconf 88' lang='lat' dir='ltr'><strong>protulit</strong></span> <span class='ocrx_word' id='word_1_110' title='bbox 382 1844 389 1869; x_wconf 91' lang='lat'><strong>,</strong></span> <span class='ocrx_word' id='word_1_111' title='bbox 396 1825 467 1872; x_wconf 87' lang='lat' dir='ltr'><strong>quam</strong></span> <span class='ocrx_word' id='word_1_112' title='bbox 475 1824 586 1872; x_wconf 86' lang='lat' dir='ltr'><strong>recepere</strong></span> <span class='ocrx_word' id='word_1_113' title='bbox 595 1809 666 1858; x_wconf 82' lang='lat' dir='ltr'><strong>Crev.</strong></span> <span class='ocrx_word' id='word_1_114' title='bbox 711 1809 753 1871; x_wconf 87' lang='lat' dir='ltr'><strong>qui</strong></span> <span class='ocrx_word' id='word_1_115' title='bbox 762 1810 865 1874; x_wconf 89' lang='lat' dir='ltr'><strong>propior</strong></span> <span class='ocrx_word' id='word_1_116' title='bbox 870 1811 952 1868; x_wconf 86' lang='lat' dir='ltr'><strong>ostiis,</strong></span> <span class='ocrx_word' id='word_1_117' title='bbox 961 1811 1024 1858; x_wconf 87' lang='lat' dir='ltr'><strong>inter</strong></span> <span class='ocrx_word' id='word_1_118' title='bbox 1032 1812 1183 1860; x_wconf 75' lang='lat' dir='ltr'><strong>Avenionem</strong></span> <span class='ocrx_word' id='word_1_119' title='bbox 1194 1825 1219 1861; x_wconf 90' lang='lat' dir='ltr'><strong>et</strong></span> 
     </span>
     <span class='ocr_line' id='line_1_15' title="bbox 159 1889 1219 1952; baseline -0.002 -12"><span class='ocrx_word' id='word_1_120' title='bbox 159 1905 184 1940; x_wconf 88' lang='lat' dir='ltr'><strong>et</strong></span> <span class='ocrx_word' id='word_1_121' title='bbox 192 1889 314 1938; x_wconf 84' lang='lat' dir='ltr'><strong>Drakenb.</strong></span> <span class='ocrx_word' id='word_1_122' title='bbox 328 1890 371 1935; x_wconf 84' lang='lat' dir='ltr'><strong>Er.</strong></span> <span class='ocrx_word' id='word_1_123' title='bbox 711 1889 820 1942; x_wconf 81' lang='lat' dir='ltr'><strong>Arelate,</strong></span> <span class='ocrx_word' id='word_1_124' title='bbox 838 1891 980 1936; x_wconf 84' lang='lat' dir='ltr'><strong>Druentiam</strong></span> <span class='ocrx_word' id='word_1_125' title='bbox 998 1891 1097 1952; x_wconf 84' lang='lat' dir='ltr'><strong>recipit,</strong></span> <span class='ocrx_word' id='word_1_126' title='bbox 1112 1903 1136 1937; x_wconf 90' lang='lat' dir='ltr'><strong>et</strong></span> <span class='ocrx_word' id='word_1_127' title='bbox 1148 1893 1219 1951; x_wconf 90' lang='lat' dir='ltr'><strong>inde,</strong></span> 
     </span>
     <span class='ocr_line' id='line_1_16' title="bbox 195 1961 1221 2040; baseline 0.004 -23"><span class='ocrx_word' id='word_1_128' title='bbox 195 1971 219 2018; x_wconf 88' lang='lat'><strong>8.</strong></span> <span class='ocrx_word' id='word_1_129' title='bbox 231 1972 305 2016; x_wconf 80' lang='lat' dir='ltr'><strong>Recta</strong></span> <span class='ocrx_word' id='word_1_130' title='bbox 315 1967 424 2032; x_wconf 83' lang='lat' dir='ltr'><strong>regione,</strong></span> <span class='ocrx_word' id='word_1_131' title='bbox 437 1975 502 2012; x_wconf 87' lang='lat' dir='ltr'><strong>reeta</strong></span> <span class='ocrx_word' id='word_1_132' title='bbox 514 1965 620 2028; x_wconf 88' lang='lat' dir='ltr'><strong>regionis</strong></span> <span class='ocrx_word' id='word_1_133' title='bbox 628 1965 668 2011; x_wconf 91' lang='lat' dir='ltr'><strong>vel</strong></span> <span class='ocrx_word' id='word_1_134' title='bbox 712 1969 781 2032; x_wconf 89' lang='lat' dir='ltr'><strong>quod</strong></span> <span class='ocrx_word' id='word_1_135' title='bbox 801 1986 853 2018; x_wconf 89' lang='lat' dir='ltr'><strong>non</strong></span> <span class='ocrx_word' id='word_1_136' title='bbox 869 1973 951 2020; x_wconf 89' lang='lat' dir='ltr'><strong>minus</strong></span> <span class='ocrx_word' id='word_1_137' title='bbox 966 1971 1067 2035; x_wconf 89' lang='lat' dir='ltr'><strong>rapidus</strong></span> <span class='ocrx_word' id='word_1_138' title='bbox 1081 1961 1221 2040; x_wconf 66' lang='lat' dir='ltr'><strong>(pedone)</strong></span> 
     </span>
     <span class='ocr_line' id='line_1_17' title="bbox 159 2043 1220 2115; baseline -0.001 -18"><span class='ocrx_word' id='word_1_139' title='bbox 159 2067 203 2114; x_wconf 86' lang='lat' dir='ltr'><strong>per</strong></span> <span class='ocrx_word' id='word_1_140' title='bbox 213 2049 336 2112; x_wconf 84' lang='lat' dir='ltr'><strong>regionem</strong></span> <span class='ocrx_word' id='word_1_141' title='bbox 347 2045 472 2101; x_wconf 86' lang='lat' dir='ltr'><strong>hancvia,</strong></span> <span class='ocrx_word' id='word_1_142' title='bbox 484 2043 668 2109; x_wconf 76' lang='lat' dir='ltr'><strong>utreetostnmi·</strong></span> <span class='ocrx_word' id='word_1_143' title='bbox 712 2057 760 2104; x_wconf 89' lang='lat' dir='ltr'><strong>est,</strong></span> <span class='ocrx_word' id='word_1_144' title='bbox 779 2063 869 2094; x_wconf 85' lang='lat' dir='ltr'><strong>nornen</strong></span> <span class='ocrx_word' id='word_1_145' title='bbox 887 2049 988 2110; x_wconf 85' lang='lat' dir='ltr'><strong>aceepit.</strong></span> <span class='ocrx_word' id='word_1_146' title='bbox 1008 2075 1041 2084; x_wconf 93' lang='lat'><em>-</em></span> <span class='ocrx_word' id='word_1_147' title='bbox 1058 2049 1220 2115; x_wconf 78' lang='lat' dir='ltr'><strong>Difficillimns</strong></span> 
     </span>
     <span class='ocr_line' id='line_1_18' title="bbox 160 2122 1219 2194; baseline -0.002 -16"><span class='ocrx_word' id='word_1_148' title='bbox 160 2146 190 2177; x_wconf 86' lang='lat' dir='ltr'><strong>ne</strong></span> <span class='ocrx_word' id='word_1_149' title='bbox 197 2128 264 2194; x_wconf 85' lang='lat' dir='ltr'><strong>apud</strong></span> <span class='ocrx_word' id='word_1_150' title='bbox 273 2128 341 2190; x_wconf 84' lang='lat' dir='ltr'><strong>Virg.</strong></span> <span class='ocrx_word' id='word_1_151' title='bbox 353 2125 486 2181; x_wconf 71' lang='lat' dir='ltr'><strong>mnvrtt,</strong></span> <span class='ocrx_word' id='word_1_152' title='bbox 501 2123 542 2182; x_wconf 83' lang='lat'><strong>57,</strong></span> <span class='ocrx_word' id='word_1_153' title='bbox 556 2133 579 2169; x_wconf 90' lang='lat' dir='ltr'><strong>et</strong></span> <span class='ocrx_word' id='word_1_154' title='bbox 588 2122 619 2169; x_wconf 86' lang='lat' dir='ltr'><strong>al.</strong></span> <span class='ocrx_word' id='word_1_155' title='bbox 712 2126 829 2182; x_wconf 81' lang='lat' dir='ltr'><strong>transitu,</strong></span> <span class='ocrx_word' id='word_1_156' title='bbox 841 2137 901 2181; x_wconf 76' lang='lat' dir='ltr'><strong>eto,;</strong></span> <span class='ocrx_word' id='word_1_157' title='bbox 912 2127 977 2174; x_wconf 88' lang='lat' dir='ltr'><strong>conf.</strong></span> <span class='ocrx_word' id='word_1_158' title='bbox 991 2127 1033 2173; x_wconf 88' lang='lat' dir='ltr'><strong>Sil.</strong></span> <span class='ocrx_word' id='word_1_159' title='bbox 1043 2129 1092 2181; x_wconf 85' lang='grc' dir='ltr'><strong>ΙΙΙ,</strong></span> <span class='ocrx_word' id='word_1_160' title='bbox 1107 2130 1156 2182; x_wconf 75' lang='grc'><strong>468</strong></span> <span class='ocrx_word' id='word_1_161' title='bbox 1168 2145 1219 2192; x_wconf 82' lang='lat' dir='ltr'><strong>seq.</strong></span> 
     </span>
     <span class='ocr_line' id='line_1_19' title="bbox 195 2201 1220 2269; baseline 0.001 -15"><span class='ocrx_word' id='word_1_162' title='bbox 195 2223 220 2269; x_wconf 87' lang='lat'><strong>9.</strong></span> <span class='ocrx_word' id='word_1_163' title='bbox 234 2206 278 2254; x_wconf 82' lang='lat' dir='ltr'><strong>Ad</strong></span> <span class='ocrx_word' id='word_1_164' title='bbox 285 2207 370 2255; x_wconf 76' lang='lat' dir='ltr'><strong>lteram</strong></span> <span class='ocrx_word' id='word_1_165' title='bbox 386 2203 411 2250; x_wconf 91' lang='lat' dir='ltr'><strong>in</strong></span> <span class='ocrx_word' id='word_1_166' title='bbox 427 2201 571 2249; x_wconf 84' lang='lat' dir='ltr'><strong>Tricastinos</strong></span> <span class='ocrx_word' id='word_1_167' title='bbox 576 2201 666 2268; x_wconf 79' lang='lat' dir='ltr'><strong>flexit,</strong></span> <span class='ocrx_word' id='word_1_168' title='bbox 712 2205 770 2252; x_wconf 88' lang='lat' dir='ltr'><strong>Non</strong></span> <span class='ocrx_word' id='word_1_169' title='bbox 781 2205 829 2251; x_wconf 89' lang='lat' dir='ltr'><strong>nisi</strong></span> <span class='ocrx_word' id='word_1_170' title='bbox 837 2205 868 2251; x_wconf 92' lang='lat' dir='ltr'><strong>ad</strong></span> <span class='ocrx_word' id='word_1_171' title='bbox 878 2205 1042 2253; x_wconf 87' lang='lat' dir='ltr'><strong>Cabellionem</strong></span> <span class='ocrx_word' id='word_1_172' title='bbox 1049 2206 1116 2268; x_wconf 84' lang='lat' dir='ltr'><strong>(hod</strong></span> <span class='ocrx_word' id='word_1_173' title='bbox 1128 2208 1220 2256; x_wconf 80' lang='lat' dir='ltr'><strong>Caruil-</strong></span> 
     </span>
     <span class='ocr_line' id='line_1_20' title="bbox 161 2279 1221 2349; baseline -0.001 -15"><span class='ocrx_word' id='word_1_174' title='bbox 161 2299 220 2345; x_wconf 86' lang='lat' dir='ltr'><strong>ete.,</strong></span> <span class='ocrx_word' id='word_1_175' title='bbox 232 2286 299 2349; x_wconf 92' lang='lat' dir='ltr'><strong>quod</strong></span> <span class='ocrx_word' id='word_1_176' title='bbox 307 2285 353 2332; x_wconf 92' lang='lat' dir='ltr'><strong>iter</strong></span> <span class='ocrx_word' id='word_1_177' title='bbox 364 2282 430 2329; x_wconf 88' lang='lat' dir='ltr'><strong>haud</strong></span> <span class='ocrx_word' id='word_1_178' title='bbox 437 2291 553 2328; x_wconf 86' lang='lat' dir='ltr'><strong>memorat</strong></span> <span class='ocrx_word' id='word_1_179' title='bbox 561 2279 668 2344; x_wconf 79' lang='lat' dir='ltr'><strong>Polyb,</strong></span> <span class='ocrx_word' id='word_1_180' title='bbox 713 2281 763 2347; x_wconf 89' lang='lat' dir='ltr'><strong>Ion)</strong></span> <span class='ocrx_word' id='word_1_181' title='bbox 775 2283 872 2331; x_wconf 81' lang='lat' dir='ltr'><strong>narium</strong></span> <span class='ocrx_word' id='word_1_182' title='bbox 883 2285 979 2347; x_wconf 86' lang='lat' dir='ltr'><strong>patiens</strong></span> <span class='ocrx_word' id='word_1_183' title='bbox 995 2297 1036 2331; x_wconf 84' lang='lat' dir='ltr'><strong>est.</strong></span> <span class='ocrx_word' id='word_1_184' title='bbox 1049 2312 1083 2320; x_wconf 91' lang='lat'>-</span> <span class='ocrx_word' id='word_1_185' title='bbox 1097 2285 1175 2333; x_wconf 87' lang='lat' dir='ltr'><strong>Nullis</strong></span> <span class='ocrx_word' id='word_1_186' title='bbox 1187 2286 1221 2333; x_wconf 90' lang='lat' dir='ltr'><strong>ri·</strong></span> 
     </span>
     <span class='ocr_line' id='line_1_21' title="bbox 161 2359 1220 2425; baseline -0.003 -13"><span class='ocrx_word' id='word_1_187' title='bbox 161 2377 185 2415; x_wconf 93' lang='lat' dir='ltr'><strong>at</strong></span> <span class='ocrx_word' id='word_1_188' title='bbox 197 2364 437 2424; x_wconf 66' lang='lat' dir='ltr'><strong>stt.111,4662eq.,</strong></span> <span class='ocrx_word' id='word_1_189' title='bbox 449 2372 472 2407; x_wconf 89' lang='lat' dir='ltr'><strong>et</strong></span> <span class='ocrx_word' id='word_1_190' title='bbox 480 2359 601 2408; x_wconf 76' lang='lat' dir='ltr'><strong>Ammian.</strong></span> <span class='ocrx_word' id='word_1_191' title='bbox 611 2360 669 2415; x_wconf 80' lang='lat' dir='ltr'><strong>XV,</strong></span> <span class='ocrx_word' id='word_1_192' title='bbox 708 2361 762 2425; x_wconf 84' lang='lat' dir='ltr'><strong>pis,</strong></span> <span class='ocrx_word' id='word_1_193' title='bbox 778 2362 824 2408; x_wconf 88' lang='lat' dir='ltr'><strong>nisi</strong></span> <span class='ocrx_word' id='word_1_194' title='bbox 839 2362 909 2408; x_wconf 88' lang='lat' dir='ltr'><strong>valde</strong></span> <span class='ocrx_word' id='word_1_195' title='bbox 921 2364 1000 2425; x_wconf 83' lang='lat' dir='ltr'><strong>planis</strong></span> <span class='ocrx_word' id='word_1_196' title='bbox 1016 2375 1040 2411; x_wconf 89' lang='lat' dir='ltr'><strong>et</strong></span> <span class='ocrx_word' id='word_1_197' title='bbox 1052 2363 1172 2412; x_wconf 84' lang='lat' dir='ltr'><strong>tenuibus.</strong></span> <span class='ocrx_word' id='word_1_198' title='bbox 1186 2391 1220 2400; x_wconf 93' lang='lat'><em>-</em></span> 
     </span>
     <span class='ocr_line' id='line_1_22' title="bbox 162 2439 1223 2505; baseline 0 -15"><span class='ocrx_word' id='word_1_199' title='bbox 162 2445 204 2491; x_wconf 69' lang='lat' dir='ltr'><strong>aa.</strong></span> <span class='ocrx_word' id='word_1_200' title='bbox 225 2443 307 2489; x_wconf 75' lang='lat' dir='ltr'><strong>Litius</strong></span> <span class='ocrx_word' id='word_1_201' title='bbox 325 2441 448 2503; x_wconf 86' lang='lat' dir='ltr'><strong>regionem</strong></span> <span class='ocrx_word' id='word_1_202' title='bbox 469 2439 597 2500; x_wconf 88' lang='lat' dir='ltr'><strong>designat,</strong></span> <span class='ocrx_word' id='word_1_203' title='bbox 616 2452 669 2499; x_wconf 84' lang='lat' dir='ltr'><strong>quae</strong></span> <span class='ocrx_word' id='word_1_204' title='bbox 713 2440 799 2502; x_wconf 86' lang='lat' dir='ltr'><strong>Neque</strong></span> <span class='ocrx_word' id='word_1_205' title='bbox 812 2440 896 2486; x_wconf 81' lang='lat' dir='ltr'><strong>iisdem</strong></span> <span class='ocrx_word' id='word_1_206' title='bbox 905 2441 992 2496; x_wconf 81' lang='lat' dir='ltr'><strong>alveis,·</strong></span> <span class='ocrx_word' id='word_1_207' title='bbox 1006 2443 1069 2488; x_wconf 82' lang='lat' dir='ltr'><strong>coni.</strong></span> <span class='ocrx_word' id='word_1_208' title='bbox 1082 2458 1148 2505; x_wconf 89' lang='lat' dir='ltr'><strong>seqq.</strong></span> <span class='ocrx_word' id='word_1_209' title='bbox 1159 2444 1223 2490; x_wconf 85' lang='lat' dir='ltr'><strong>Mox</strong></span> 
     </span>
     <span class='ocr_line' id='line_1_23' title="bbox 162 2515 1224 2583; baseline -0.001 -14"><span class='ocrx_word' id='word_1_210' title='bbox 162 2538 213 2570; x_wconf 87' lang='lat' dir='ltr'><strong>non</strong></span> <span class='ocrx_word' id='word_1_211' title='bbox 234 2519 381 2576; x_wconf 84' lang='lat' dir='ltr'><strong>Hannibali,</strong></span> <span class='ocrx_word' id='word_1_212' title='bbox 397 2516 440 2564; x_wconf 89' lang='lat' dir='ltr'><strong>sed</strong></span> <span class='ocrx_word' id='word_1_213' title='bbox 459 2517 506 2562; x_wconf 88' lang='lat' dir='ltr'><strong>sibi</strong></span> <span class='ocrx_word' id='word_1_214' title='bbox 517 2551 524 2574; x_wconf 91' lang='lat'><em>‚</em></span> <span class='ocrx_word' id='word_1_215' title='bbox 537 2527 578 2562; x_wconf 88' lang='lat' dir='ltr'><strong>aut</strong></span> <span class='ocrx_word' id='word_1_216' title='bbox 592 2515 670 2562; x_wconf 86' lang='lat' dir='ltr'><strong>cnivis</strong></span> <span class='ocrx_word' id='word_1_217' title='bbox 706 2517 804 2581; x_wconf 75' lang='lat' dir='ltr'><strong>sacient</strong></span> <span class='ocrx_word' id='word_1_218' title='bbox 814 2530 872 2582; x_wconf 88' lang='lat' dir='ltr'><strong>post</strong></span> <span class='ocrx_word' id='word_1_219' title='bbox 883 2519 989 2583; x_wconf 78' lang='lat' dir='ltr'><strong>gurgites</strong></span> <span class='ocrx_word' id='word_1_220' title='bbox 1001 2520 1094 2568; x_wconf 90' lang='lat' dir='ltr'><strong>addunt</strong></span> <span class='ocrx_word' id='word_1_221' title='bbox 1104 2521 1159 2567; x_wconf 91' lang='lat' dir='ltr'><strong>edd.</strong></span> <span class='ocrx_word' id='word_1_222' title='bbox 1171 2523 1224 2568; x_wconf 89' lang='lat' dir='ltr'><strong>Me·</strong></span> 
     </span>
     <span class='ocr_line' id='line_1_24' title="bbox 163 2594 1224 2660; baseline -0.002 -12"><span class='ocrx_word' id='word_1_223' title='bbox 163 2600 225 2648; x_wconf 85' lang='lat' dir='ltr'><strong>Italo</strong></span> <span class='ocrx_word' id='word_1_224' title='bbox 239 2597 274 2645; x_wconf 86' lang='lat' dir='ltr'><strong>ad</strong></span> <span class='ocrx_word' id='word_1_225' title='bbox 290 2598 375 2644; x_wconf 72' lang='lat' dir='ltr'><strong>lteram</strong></span> <span class='ocrx_word' id='word_1_226' title='bbox 390 2606 472 2643; x_wconf 87' lang='lat' dir='ltr'><strong>esset:</strong></span> <span class='ocrx_word' id='word_1_227' title='bbox 487 2610 539 2641; x_wconf 87' lang='lat' dir='ltr'><strong>mos</strong></span> <span class='ocrx_word' id='word_1_228' title='bbox 556 2605 592 2640; x_wconf 88' lang='lat' dir='ltr'><strong>est</strong></span> <span class='ocrx_word' id='word_1_229' title='bbox 606 2594 671 2641; x_wconf 87' lang='lat' dir='ltr'><strong>enim</strong></span> <span class='ocrx_word' id='word_1_230' title='bbox 715 2597 773 2643; x_wconf 88' lang='lat' dir='ltr'><strong>diol.</strong></span> <span class='ocrx_word' id='word_1_231' title='bbox 785 2608 809 2643; x_wconf 89' lang='lat' dir='ltr'><strong>et</strong></span> <span class='ocrx_word' id='word_1_232' title='bbox 819 2613 899 2660; x_wconf 86' lang='lat' dir='ltr'><strong>seqq.;</strong></span> <span class='ocrx_word' id='word_1_233' title='bbox 914 2598 956 2644; x_wconf 88' lang='lat' dir='ltr'><strong>sed</strong></span> <span class='ocrx_word' id='word_1_234' title='bbox 967 2599 1068 2645; x_wconf 86' lang='lat' dir='ltr'><strong>verbum</strong></span> <span class='ocrx_word' id='word_1_235' title='bbox 1082 2599 1178 2645; x_wconf 79' lang='lat' dir='ltr'><strong>volvens</strong></span> <span class='ocrx_word' id='word_1_236' title='bbox 1191 2600 1224 2648; x_wconf 89' lang='lat' dir='ltr'><strong>ad</strong></span> 
     </span>
     <span class='ocr_line' id='line_1_25' title="bbox 162 2672 1224 2742; baseline -0.007 -17"><span class='ocrx_word' id='word_1_237' title='bbox 162 2677 297 2735; x_wconf 87' lang='lat' dir='ltr'><strong>historicis,</strong></span> <span class='ocrx_word' id='word_1_238' title='bbox 307 2687 333 2722; x_wconf 93' lang='lat' dir='ltr'><strong>ut</strong></span> <span class='ocrx_word' id='word_1_239' title='bbox 342 2689 517 2735; x_wconf 89' lang='lat' dir='ltr'><strong>nonnunquam</strong></span> <span class='ocrx_word' id='word_1_240' title='bbox 527 2672 634 2720; x_wconf 87' lang='lat' dir='ltr'><strong>dextram</strong></span> <span class='ocrx_word' id='word_1_241' title='bbox 642 2673 672 2720; x_wconf 90' lang='lat' dir='ltr'><strong>si·</strong></span> <span class='ocrx_word' id='word_1_242' title='bbox 715 2677 796 2723; x_wconf 88' lang='lat' dir='ltr'><strong>omnia</strong></span> <span class='ocrx_word' id='word_1_243' title='bbox 815 2674 919 2732; x_wconf 85' lang='lat' dir='ltr'><strong>suffieit,</strong></span> <span class='ocrx_word' id='word_1_244' title='bbox 938 2688 963 2724; x_wconf 87' lang='lat' dir='ltr'><strong>et</strong></span> <span class='ocrx_word' id='word_1_245' title='bbox 978 2678 1047 2724; x_wconf 71' lang='lat' dir='ltr'><strong>arada</strong></span> <span class='ocrx_word' id='word_1_246' title='bbox 1068 2678 1104 2724; x_wconf 85' lang='lat' dir='ltr'><strong>ad</strong></span> <span class='ocrx_word' id='word_1_247' title='bbox 1116 2679 1224 2742; x_wconf 70' lang='lat' dir='ltr'><strong>gurgites</strong></span> 
     </span>
     <span class='ocr_line' id='line_1_26' title="bbox 163 2751 1223 2818; baseline -0.001 -14"><span class='ocrx_word' id='word_1_248' title='bbox 163 2757 312 2816; x_wconf 86' lang='lat' dir='ltr'><strong>nistramque</strong></span> <span class='ocrx_word' id='word_1_249' title='bbox 321 2769 372 2800; x_wconf 88' lang='lat' dir='ltr'><strong>non</strong></span> <span class='ocrx_word' id='word_1_250' title='bbox 382 2752 411 2799; x_wconf 90' lang='lat' dir='ltr'><strong>ab</strong></span> <span class='ocrx_word' id='word_1_251' title='bbox 424 2752 529 2798; x_wconf 85' lang='lat' dir='ltr'><strong>hostium</strong></span> <span class='ocrx_word' id='word_1_252' title='bbox 539 2763 620 2814; x_wconf 87' lang='lat' dir='ltr'><strong>parte,</strong></span> <span class='ocrx_word' id='word_1_253' title='bbox 629 2751 671 2799; x_wconf 91' lang='lat' dir='ltr'><strong>sed</strong></span> <span class='ocrx_word' id='word_1_254' title='bbox 715 2755 811 2802; x_wconf 78' lang='lat' dir='ltr'><strong>volvere</strong></span> <span class='ocrx_word' id='word_1_255' title='bbox 823 2755 886 2802; x_wconf 89' lang='lat' dir='ltr'><strong>bene</strong></span> <span class='ocrx_word' id='word_1_256' title='bbox 902 2756 991 2802; x_wconf 90' lang='lat' dir='ltr'><strong>dicitur</strong></span> <span class='ocrx_word' id='word_1_257' title='bbox 1009 2757 1100 2813; x_wconf 89' lang='lat' dir='ltr'><strong>amnis,</strong></span> <span class='ocrx_word' id='word_1_258' title='bbox 1115 2757 1156 2818; x_wconf 92' lang='lat' dir='ltr'><strong>qui</strong></span> <span class='ocrx_word' id='word_1_259' title='bbox 1170 2757 1223 2804; x_wconf 88' lang='lat' dir='ltr'><strong>vol·</strong></span> 
     </span>
     <span class='ocr_line' id='line_1_27' title="bbox 164 2830 1298 2900; baseline 0 -17"><span class='ocrx_word' id='word_1_260' title='bbox 164 2851 235 2882; x_wconf 79' lang='lat' dir='ltr'><strong>nsua</strong></span> <span class='ocrx_word' id='word_1_261' title='bbox 252 2833 392 2895; x_wconf 79' lang='lat' dir='ltr'><strong>designent3</strong></span> <span class='ocrx_word' id='word_1_262' title='bbox 409 2830 500 2878; x_wconf 82' lang='lat' dir='ltr'><strong>Stroth.</strong></span> <span class='ocrx_word' id='word_1_263' title='bbox 514 2831 570 2877; x_wconf 91' lang='lat' dir='ltr'><strong>coll.</strong></span> <span class='ocrx_word' id='word_1_264' title='bbox 588 2847 640 2895; x_wconf 87' lang='lat' dir='ltr'><strong>cap.</strong></span> <span class='ocrx_word' id='word_1_265' title='bbox 656 2830 671 2876; x_wconf 80' lang='lat'><strong><em>5</em></strong></span> <span class='ocrx_word' id='word_1_266' title='bbox 714 2834 795 2880; x_wconf 86' lang='lat' dir='ltr'><strong>vendo</strong></span> <span class='ocrx_word' id='word_1_267' title='bbox 806 2850 889 2880; x_wconf 88' lang='lat' dir='ltr'><strong>arenas</strong></span> <span class='ocrx_word' id='word_1_268' title='bbox 899 2835 957 2881; x_wconf 88' lang='lat' dir='ltr'><strong>facit</strong></span> <span class='ocrx_word' id='word_1_269' title='bbox 967 2835 1028 2880; x_wconf 86' lang='lat' dir='ltr'><strong>vada</strong></span> <span class='ocrx_word' id='word_1_270' title='bbox 1036 2835 1095 2895; x_wconf 86' lang='lat' dir='ltr'><strong>hac,</strong></span> <span class='ocrx_word' id='word_1_271' title='bbox 1106 2836 1161 2882; x_wconf 89' lang='lat' dir='ltr'><strong>illae</strong></span> <span class='ocrx_word' id='word_1_272' title='bbox 1171 2851 1225 2900; x_wconf 87' lang='lat' dir='ltr'><strong>gur·</strong></span> <span class='ocrx_word' id='word_1_273' title='bbox 1294 2847 1298 2853; x_wconf 90' lang='grc'><strong>’</strong></span> 
     </span>
     <span class='ocr_line' id='line_1_28' title="bbox 164 2909 880 2978; baseline -0.003 -20"><span class='ocrx_word' id='word_1_274' title='bbox 164 2913 218 2978; x_wconf 89' lang='lat' dir='ltr'><strong>(ubi</strong></span> <span class='ocrx_word' id='word_1_275' title='bbox 229 2911 281 2958; x_wconf 84' lang='lat' dir='ltr'><strong>vid.</strong></span> <span class='ocrx_word' id='word_1_276' title='bbox 292 2921 345 2957; x_wconf 92' lang='lat' dir='ltr'><strong>not.</strong></span> <span class='ocrx_word' id='word_1_277' title='bbox 358 2909 397 2971; x_wconf 81' lang='lat' dir='ltr'><strong>a),</strong></span> <span class='ocrx_word' id='word_1_278' title='bbox 406 2909 449 2957; x_wconf 85' lang='lat' dir='ltr'><strong>lib.</strong></span> <span class='ocrx_word' id='word_1_279' title='bbox 461 2911 575 2965; x_wconf 80' lang='lat' dir='ltr'>XXVII,</span> <span class='ocrx_word' id='word_1_280' title='bbox 587 2912 635 2968; x_wconf 78' lang='lat' dir='ltr'><strong>tt,</strong></span> <span class='ocrx_word' id='word_1_281' title='bbox 646 2921 672 2956; x_wconf 85' lang='lat' dir='ltr'><strong>et</strong></span> <span class='ocrx_word' id='word_1_282' title='bbox 716 2913 792 2975; x_wconf 86' lang='lat' dir='ltr'><strong>gites;</strong></span> <span class='ocrx_word' id='word_1_283' title='bbox 802 2915 880 2959; x_wconf 88' lang='lat' dir='ltr'><strong>Gron.</strong></span> 
     </span>
     <span class='ocr_line' id='line_1_29' title="bbox 163 2988 1224 3056; baseline -0.001 -16"><span class='ocrx_word' id='word_1_284' title='bbox 163 2994 221 3040; x_wconf 82' lang='lat' dir='ltr'><strong>Tae.</strong></span> <span class='ocrx_word' id='word_1_285' title='bbox 231 2994 296 3038; x_wconf 80' lang='lat' dir='ltr'><strong>Anu.</strong></span> <span class='ocrx_word' id='word_1_286' title='bbox 308 2992 345 3047; x_wconf 91' lang='lat'><strong>11,</strong></span> <span class='ocrx_word' id='word_1_287' title='bbox 358 2989 381 3034; x_wconf 85' lang='lat'><strong>8.</strong></span> <span class='ocrx_word' id='word_1_288' title='bbox 395 2990 419 3034; x_wconf 81' lang='lat' dir='ltr'><em>A</em></span> <span class='ocrx_word' id='word_1_289' title='bbox 431 2988 491 3035; x_wconf 73' lang='lat' dir='ltr'><strong>tera</strong></span> <span class='ocrx_word' id='word_1_290' title='bbox 503 2988 590 3035; x_wconf 89' lang='lat' dir='ltr'><strong>emend</strong></span> <span class='ocrx_word' id='word_1_291' title='bbox 606 2989 671 3052; x_wconf 91' lang='lat' dir='ltr'><strong>Lips.</strong></span> <span class='ocrx_word' id='word_1_292' title='bbox 754 3006 794 3039; x_wconf 92' lang='lat'><strong>11.</strong></span> <span class='ocrx_word' id='word_1_293' title='bbox 807 2993 877 3037; x_wconf 79' lang='lat' dir='ltr'><strong>Saxa</strong></span> <span class='ocrx_word' id='word_1_294' title='bbox 887 2992 1001 3056; x_wconf 80' lang='lat' dir='ltr'><strong>glareosa</strong></span> <span class='ocrx_word' id='word_1_295' title='bbox 1017 3009 1026 3038; x_wconf 77' lang='lat' dir='ltr'><strong>t</strong></span> <span class='ocrx_word' id='word_1_296' title='bbox 1041 2992 1072 3038; x_wconf 89' lang='lat' dir='ltr'><strong>al.</strong></span> <span class='ocrx_word' id='word_1_297' title='bbox 1086 2993 1224 3056; x_wconf 83' lang='lat' dir='ltr'><strong>glomerosa</strong></span> 
     </span>
     <span class='ocr_line' id='line_1_30' title="bbox 162 3066 1225 3134; baseline 0 -16"><span class='ocrx_word' id='word_1_298' title='bbox 162 3071 189 3118; x_wconf 89' lang='lat' dir='ltr'><strong>in</strong></span> <span class='ocrx_word' id='word_1_299' title='bbox 203 3070 280 3133; x_wconf 84' lang='lat' dir='ltr'><strong>Epist.</strong></span> <span class='ocrx_word' id='word_1_300' title='bbox 293 3067 324 3115; x_wconf 87' lang='lat' dir='ltr'><strong>ad</strong></span> <span class='ocrx_word' id='word_1_301' title='bbox 336 3068 420 3129; x_wconf 84' lang='lat' dir='ltr'><strong>Belgas</strong></span> <span class='ocrx_word' id='word_1_302' title='bbox 434 3069 458 3123; x_wconf 93' lang='lat' dir='ltr'><strong>I,</strong></span> <span class='ocrx_word' id='word_1_303' title='bbox 473 3068 520 3126; x_wconf 80' lang='lat'><strong>93,</strong></span> <span class='ocrx_word' id='word_1_304' title='bbox 533 3078 561 3113; x_wconf 90' lang='lat' dir='ltr'><strong>ut</strong></span> <span class='ocrx_word' id='word_1_305' title='bbox 573 3066 672 3113; x_wconf 83' lang='lat' dir='ltr'><strong>Rhoda·</strong></span> <span class='ocrx_word' id='word_1_306' title='bbox 717 3081 742 3117; x_wconf 91' lang='lat' dir='ltr'><strong>et</strong></span> <span class='ocrx_word' id='word_1_307' title='bbox 754 3071 872 3134; x_wconf 84' lang='lat' dir='ltr'><strong>globosa,</strong></span> <span class='ocrx_word' id='word_1_308' title='bbox 893 3081 919 3117; x_wconf 92' lang='lat' dir='ltr'><strong>ut</strong></span> <span class='ocrx_word' id='word_1_309' title='bbox 937 3072 1089 3129; x_wconf 88' lang='lat' dir='ltr'>XXXVIII,</span> <span class='ocrx_word' id='word_1_310' title='bbox 1106 3088 1147 3133; x_wconf 85' lang='lat'><strong>29.</strong></span> <span class='ocrx_word' id='word_1_311' title='bbox 1165 3072 1225 3118; x_wconf 86' lang='lat' dir='ltr'><strong>Gla-</strong></span> 
     </span>
     <span class='ocr_line' id='line_1_31' title="bbox 163 3145 1226 3212; baseline 0 -16"><span class='ocrx_word' id='word_1_312' title='bbox 163 3166 222 3196; x_wconf 91' lang='lat' dir='ltr'><strong>num</strong></span> <span class='ocrx_word' id='word_1_313' title='bbox 235 3165 287 3196; x_wconf 88' lang='lat' dir='ltr'><strong>non</strong></span> <span class='ocrx_word' id='word_1_314' title='bbox 296 3149 384 3195; x_wconf 80' lang='lat' dir='ltr'><strong>iterum</strong></span> <span class='ocrx_word' id='word_1_315' title='bbox 394 3146 529 3203; x_wconf 90' lang='lat' dir='ltr'><strong>transierit,</strong></span> <span class='ocrx_word' id='word_1_316' title='bbox 539 3145 581 3192; x_wconf 91' lang='lat' dir='ltr'><strong>sed</strong></span> <span class='ocrx_word' id='word_1_317' title='bbox 592 3146 623 3192; x_wconf 95' lang='lat' dir='ltr'><strong>ad</strong></span> <span class='ocrx_word' id='word_1_318' title='bbox 633 3146 673 3193; x_wconf 77' lang='lat' dir='ltr'><strong>lae·</strong></span> <span class='ocrx_word' id='word_1_319' title='bbox 717 3147 812 3205; x_wconf 77' lang='lat' dir='ltr'><strong>reusve,</strong></span> <span class='ocrx_word' id='word_1_320' title='bbox 823 3149 1014 3212; x_wconf 81' lang='lat' dir='ltr'><strong>nntglareasque</strong></span> <span class='ocrx_word' id='word_1_321' title='bbox 1027 3151 1092 3209; x_wconf 85' lang='lat' dir='ltr'><strong>conj.</strong></span> <span class='ocrx_word' id='word_1_322' title='bbox 1103 3151 1145 3196; x_wconf 89' lang='lat' dir='ltr'><strong>Gr.</strong></span> <span class='ocrx_word' id='word_1_323' title='bbox 1159 3149 1226 3197; x_wconf 91' lang='lat' dir='ltr'><strong>haud</strong></span> 
     </span>
     <span class='ocr_line' id='line_1_32' title="bbox 165 3224 1226 3292; baseline -0.002 -16"><span class='ocrx_word' id='word_1_324' title='bbox 165 3245 217 3276; x_wconf 86' lang='lat' dir='ltr'><strong>vam</strong></span> <span class='ocrx_word' id='word_1_325' title='bbox 227 3226 364 3289; x_wconf 87' lang='lat' dir='ltr'><strong>reliquerit,</strong></span> <span class='ocrx_word' id='word_1_326' title='bbox 374 3236 398 3272; x_wconf 88' lang='lat' dir='ltr'><strong>et</strong></span> <span class='ocrx_word' id='word_1_327' title='bbox 408 3225 438 3272; x_wconf 86' lang='lat' dir='ltr'><strong>ab</strong></span> <span class='ocrx_word' id='word_1_328' title='bbox 448 3241 477 3272; x_wconf 89' lang='lat' dir='ltr'><strong>eo</strong></span> <span class='ocrx_word' id='word_1_329' title='bbox 487 3224 581 3271; x_wconf 88' lang='lat' dir='ltr'><strong>flexerit</strong></span> <span class='ocrx_word' id='word_1_330' title='bbox 590 3226 617 3271; x_wconf 93' lang='lat' dir='ltr'><strong>in</strong></span> <span class='ocrx_word' id='word_1_331' title='bbox 622 3225 675 3271; x_wconf 91' lang='lat' dir='ltr'><strong>Tri·</strong></span> <span class='ocrx_word' id='word_1_332' title='bbox 717 3226 823 3290; x_wconf 89' lang='lat' dir='ltr'><strong>improb.</strong></span> <span class='ocrx_word' id='word_1_333' title='bbox 836 3226 910 3273; x_wconf 80' lang='lat' dir='ltr'><strong>Dralr.</strong></span> <span class='ocrx_word' id='word_1_334' title='bbox 922 3228 980 3274; x_wconf 90' lang='lat' dir='ltr'><strong>Non</strong></span> <span class='ocrx_word' id='word_1_335' title='bbox 994 3228 1051 3274; x_wconf 87' lang='lat' dir='ltr'><strong>satis</strong></span> <span class='ocrx_word' id='word_1_336' title='bbox 1064 3228 1166 3291; x_wconf 87' lang='lat' dir='ltr'><strong>intelligi</strong></span> <span class='ocrx_word' id='word_1_337' title='bbox 1180 3244 1226 3292; x_wconf 91' lang='lat' dir='ltr'><strong>po·</strong></span> 
     </span>
     <span class='ocr_line' id='line_1_33' title="bbox 165 3303 1227 3372; baseline -0.001 -16"><span class='ocrx_word' id='word_1_338' title='bbox 165 3310 277 3355; x_wconf 84' lang='lat' dir='ltr'><strong>castinos.</strong></span> <span class='ocrx_word' id='word_1_339' title='bbox 292 3305 373 3361; x_wconf 90' lang='lat' dir='ltr'><strong>ldem,</strong></span> <span class='ocrx_word' id='word_1_340' title='bbox 386 3304 425 3351; x_wconf 86' lang='lat' dir='ltr'><strong>vel</strong></span> <span class='ocrx_word' id='word_1_341' title='bbox 437 3303 474 3350; x_wconf 80' lang='lat' dir='ltr'><strong>ud</strong></span> <span class='ocrx_word' id='word_1_342' title='bbox 484 3303 610 3360; x_wconf 77' lang='lat' dir='ltr'><strong>dextram,</strong></span> <span class='ocrx_word' id='word_1_343' title='bbox 626 3303 672 3367; x_wconf 86' lang='lat' dir='ltr'><strong>leg.</strong></span> <span class='ocrx_word' id='word_1_344' title='bbox 717 3317 776 3363; x_wconf 83' lang='lat' dir='ltr'><strong>test,</strong></span> <span class='ocrx_word' id='word_1_345' title='bbox 788 3306 912 3368; x_wconf 86' lang='lat' dir='ltr'><strong>quomodo</strong></span> <span class='ocrx_word' id='word_1_346' title='bbox 920 3323 985 3353; x_wconf 78' lang='lat' dir='ltr'><strong>saxa</strong></span> <span class='ocrx_word' id='word_1_347' title='bbox 995 3308 1106 3354; x_wconf 79' lang='lat' dir='ltr'><strong>dicantur</strong></span> <span class='ocrx_word' id='word_1_348' title='bbox 1112 3308 1227 3372; x_wconf 85' lang='lat' dir='ltr'><strong>glareosa</strong></span> 
     </span>
     <span class='ocr_line' id='line_1_34' title="bbox 164 3383 1229 3449; baseline -0.001 -15"><span class='ocrx_word' id='word_1_349' title='bbox 164 3383 345 3449; x_wconf 86' lang='lat' dir='ltr'><strong>putabatDrak.</strong></span> <span class='ocrx_word' id='word_1_350' title='bbox 359 3383 493 3438; x_wconf 80' lang='lat' dir='ltr'><strong>Tricastini,</strong></span> <span class='ocrx_word' id='word_1_351' title='bbox 505 3383 624 3437; x_wconf 80' lang='lat' dir='ltr'><strong>Vocontii,</strong></span> <span class='ocrx_word' id='word_1_352' title='bbox 632 3399 673 3428; x_wconf 86' lang='lat' dir='ltr'><strong>seu</strong></span> <span class='ocrx_word' id='word_1_353' title='bbox 718 3383 861 3444; x_wconf 71' lang='lat' dir='ltr'><strong>(liesiehtl,</strong></span> <span class='ocrx_word' id='word_1_354' title='bbox 873 3384 920 3430; x_wconf 90' lang='lat' dir='ltr'><strong>nisi</strong></span> <span class='ocrx_word' id='word_1_355' title='bbox 930 3385 1062 3448; x_wconf 88' lang='lat' dir='ltr'><strong>intelligas,</strong></span> <span class='ocrx_word' id='word_1_356' title='bbox 1074 3385 1112 3431; x_wconf 85' lang='lat' dir='ltr'><strong>vel</strong></span> <span class='ocrx_word' id='word_1_357' title='bbox 1122 3385 1148 3431; x_wconf 88' lang='lat' dir='ltr'><strong>in</strong></span> <span class='ocrx_word' id='word_1_358' title='bbox 1160 3401 1229 3433; x_wconf 86' lang='lat' dir='ltr'><strong>saxo-</strong></span> 
     </span>
     <span class='ocr_line' id='line_1_35' title="bbox 163 3459 1228 3524; baseline 0 -13"><span class='ocrx_word' id='word_1_359' title='bbox 163 3465 281 3513; x_wconf 83' lang='lat' dir='ltr'><strong>Voeuntii</strong></span> <span class='ocrx_word' id='word_1_360' title='bbox 296 3474 320 3509; x_wconf 88' lang='lat' dir='ltr'><strong>et</strong></span> <span class='ocrx_word' id='word_1_361' title='bbox 335 3461 438 3508; x_wconf 82' lang='lat' dir='ltr'><strong>Tricorii</strong></span> <span class='ocrx_word' id='word_1_362' title='bbox 449 3459 522 3522; x_wconf 84' lang='lat' dir='ltr'><strong>(vide</strong></span> <span class='ocrx_word' id='word_1_363' title='bbox 536 3461 614 3507; x_wconf 86' lang='lat' dir='ltr'><strong>Strab.</strong></span> <span class='ocrx_word' id='word_1_364' title='bbox 630 3461 674 3517; x_wconf 84' lang='lat' dir='ltr'><strong>tv,</strong></span> <span class='ocrx_word' id='word_1_365' title='bbox 719 3478 772 3508; x_wconf 90' lang='lat' dir='ltr'><strong>rum</strong></span> <span class='ocrx_word' id='word_1_366' title='bbox 788 3462 888 3508; x_wconf 90' lang='lat' dir='ltr'><strong>modum</strong></span> <span class='ocrx_word' id='word_1_367' title='bbox 906 3478 933 3508; x_wconf 89' lang='lat' dir='ltr'><strong>ae</strong></span> <span class='ocrx_word' id='word_1_368' title='bbox 948 3463 1139 3524; x_wconf 88' lang='lat' dir='ltr'><strong>magnitudinem</strong></span> <span class='ocrx_word' id='word_1_369' title='bbox 1159 3481 1228 3511; x_wconf 89' lang='lat' dir='ltr'><strong>eom-</strong></span> 
     </span>
     <span class='ocr_line' id='line_1_36' title="bbox 164 3537 1229 3606; baseline 0.002 -17"><span class='ocrx_word' id='word_1_370' title='bbox 164 3559 220 3606; x_wconf 75' lang='lat' dir='ltr'><strong>pag,</strong></span> <span class='ocrx_word' id='word_1_371' title='bbox 239 3541 301 3599; x_wconf 81' lang='lat' dir='ltr'><strong>1l85,</strong></span> <span class='ocrx_word' id='word_1_372' title='bbox 314 3553 338 3587; x_wconf 90' lang='lat' dir='ltr'><strong>et</strong></span> <span class='ocrx_word' id='word_1_373' title='bbox 351 3539 412 3601; x_wconf 74' lang='lat'><strong>203)</strong></span> <span class='ocrx_word' id='word_1_374' title='bbox 423 3541 485 3584; x_wconf 84' lang='lat' dir='ltr'><strong>luter</strong></span> <span class='ocrx_word' id='word_1_375' title='bbox 494 3537 641 3585; x_wconf 84' lang='lat' dir='ltr'><strong>Rhodanum</strong></span> <span class='ocrx_word' id='word_1_376' title='bbox 652 3549 676 3584; x_wconf 91' lang='lat' dir='ltr'><strong>et</strong></span> <span class='ocrx_word' id='word_1_377' title='bbox 720 3551 813 3602; x_wconf 86' lang='lat' dir='ltr'><strong>pactam</strong></span> <span class='ocrx_word' id='word_1_378' title='bbox 833 3551 922 3586; x_wconf 89' lang='lat' dir='ltr'><strong>temere</strong></span> <span class='ocrx_word' id='word_1_379' title='bbox 938 3542 1041 3603; x_wconf 88' lang='lat' dir='ltr'><strong>glaream</strong></span> <span class='ocrx_word' id='word_1_380' title='bbox 1060 3543 1169 3603; x_wconf 72' lang='lat' dir='ltr'><strong>(Kios),</strong></span> <span class='ocrx_word' id='word_1_381' title='bbox 1190 3544 1229 3591; x_wconf 88' lang='lat' dir='ltr'><strong>vel</strong></span> 
     </span>
     <span class='ocr_line' id='line_1_37' title="bbox 165 3615 1229 3684; baseline 0.003 -18"><span class='ocrx_word' id='word_1_382' title='bbox 165 3619 308 3667; x_wconf 87' lang='lat' dir='ltr'><strong>Druentiam</strong></span> <span class='ocrx_word' id='word_1_383' title='bbox 320 3617 411 3681; x_wconf 90' lang='lat' dir='ltr'><strong>(bodie</strong></span> <span class='ocrx_word' id='word_1_384' title='bbox 427 3615 563 3678; x_wconf 85' lang='lat' dir='ltr'><strong>Duranoe),</strong></span> <span class='ocrx_word' id='word_1_385' title='bbox 578 3617 604 3662; x_wconf 91' lang='lat' dir='ltr'><strong>in</strong></span> <span class='ocrx_word' id='word_1_386' title='bbox 618 3617 675 3663; x_wconf 92' lang='lat' dir='ltr'><strong>Del·</strong></span> <span class='ocrx_word' id='word_1_387' title='bbox 720 3634 776 3664; x_wconf 83' lang='lat' dir='ltr'><strong>saxa</strong></span> <span class='ocrx_word' id='word_1_388' title='bbox 787 3620 918 3665; x_wconf 87' lang='lat' dir='ltr'><strong>minutiora</strong></span> <span class='ocrx_word' id='word_1_389' title='bbox 929 3619 960 3664; x_wconf 88' lang='lat' dir='ltr'><strong>ad</strong></span> <span class='ocrx_word' id='word_1_390' title='bbox 974 3620 1113 3683; x_wconf 89' lang='lat' dir='ltr'><strong>lapillorum</strong></span> <span class='ocrx_word' id='word_1_391' title='bbox 1127 3623 1165 3668; x_wconf 87' lang='lat' dir='ltr'><strong>vel</strong></span> <span class='ocrx_word' id='word_1_392' title='bbox 1179 3623 1229 3684; x_wconf 86' lang='lat' dir='ltr'><strong>gla-</strong></span> 
     </span>
     <span class='ocr_line' id='line_1_38' title="bbox 165 3695 1229 3761; baseline 0.004 -18"><span class='ocrx_word' id='word_1_393' title='bbox 165 3699 283 3761; x_wconf 79' lang='lat' dir='ltr'><strong>phiram,</strong></span> <span class='ocrx_word' id='word_1_394' title='bbox 294 3695 445 3742; x_wconf 86' lang='lat' dir='ltr'><strong>babitabant.</strong></span> <span class='ocrx_word' id='word_1_395' title='bbox 459 3721 494 3730; x_wconf 89' lang='lat'>-</span> <span class='ocrx_word' id='word_1_396' title='bbox 512 3695 639 3752; x_wconf 87' lang='lat' dir='ltr'><strong>Tetendit;</strong></span> <span class='ocrx_word' id='word_1_397' title='bbox 651 3711 674 3742; x_wconf 82' lang='lat' dir='ltr'><strong>v.</strong></span> <span class='ocrx_word' id='word_1_398' title='bbox 720 3713 766 3743; x_wconf 82' lang='lat' dir='ltr'><strong>reae</strong></span> <span class='ocrx_word' id='word_1_399' title='bbox 780 3697 893 3756; x_wconf 90' lang='lat' dir='ltr'><strong>modum;</strong></span> <span class='ocrx_word' id='word_1_400' title='bbox 906 3699 998 3746; x_wconf 79' lang='lat' dir='ltr'><strong>Stroth.</strong></span> <span class='ocrx_word' id='word_1_401' title='bbox 1010 3700 1101 3747; x_wconf 80' lang='lat' dir='ltr'><strong>Confer</strong></span> <span class='ocrx_word' id='word_1_402' title='bbox 1113 3699 1142 3745; x_wconf 90' lang='lat' dir='ltr'><strong>ad</strong></span> <span class='ocrx_word' id='word_1_403' title='bbox 1156 3701 1229 3760; x_wconf 88' lang='lat' dir='ltr'><strong>XLI,</strong></span> 
     </span>
     <span class='ocr_line' id='line_1_39' title="bbox 167 3776 1229 3840; baseline 0.005 -20"><span class='ocrx_word' id='word_1_404' title='bbox 167 3777 198 3823; x_wconf 89' lang='lat' dir='ltr'><strong>ad</strong></span> <span class='ocrx_word' id='word_1_405' title='bbox 207 3776 253 3830; x_wconf 85' lang='lat' dir='ltr'><strong>tv,</strong></span> <span class='ocrx_word' id='word_1_406' title='bbox 270 3791 309 3835; x_wconf 85' lang='lat'><strong>19,</strong></span> <span class='ocrx_word' id='word_1_407' title='bbox 317 3789 343 3820; x_wconf 90' lang='lat' dir='ltr'><strong>n.</strong></span> <span class='ocrx_word' id='word_1_408' title='bbox 358 3790 379 3820; x_wconf 89' lang='lat' dir='ltr'><strong>t.</strong></span> <span class='ocrx_word' id='word_1_409' title='bbox 721 3790 763 3834; x_wconf 77' lang='lat'><strong>27,</strong></span> <span class='ocrx_word' id='word_1_410' title='bbox 777 3793 801 3821; x_wconf 90' lang='lat' dir='ltr'><strong>n.</strong></span> <span class='ocrx_word' id='word_1_411' title='bbox 813 3792 836 3834; x_wconf 85' lang='lat'><strong>7.</strong></span> <span class='ocrx_word' id='word_1_412' title='bbox 850 3804 883 3812; x_wconf 96' lang='lat'><strong>—</strong></span> <span class='ocrx_word' id='word_1_413' title='bbox 896 3778 1007 3825; x_wconf 86' lang='lat' dir='ltr'><strong>Glaream</strong></span> <span class='ocrx_word' id='word_1_414' title='bbox 1022 3777 1158 3840; x_wconf 84' lang='lat' dir='ltr'><strong>Stephanus</strong></span> <span class='ocrx_word' id='word_1_415' title='bbox 1168 3776 1229 3824; x_wconf 85' lang='lat' dir='ltr'><strong>deli-</strong></span> 
     </span>
     <span class='ocr_line' id='line_1_40' title="bbox 205 3851 1232 3920; baseline 0.006 -22"><span class='ocrx_word' id='word_1_416' title='bbox 205 3868 244 3899; x_wconf 89' lang='lat'><strong>10.</strong></span> <span class='ocrx_word' id='word_1_417' title='bbox 263 3855 289 3898; x_wconf 92' lang='lat' dir='ltr'><strong>Is</strong></span> <span class='ocrx_word' id='word_1_418' title='bbox 304 3862 327 3896; x_wconf 84' lang='lat' dir='ltr'><strong>et</strong></span> <span class='ocrx_word' id='word_1_419' title='bbox 345 3851 394 3913; x_wconf 83' lang='lat' dir='ltr'><strong>ipse</strong></span> <span class='ocrx_word' id='word_1_420' title='bbox 411 3851 515 3912; x_wconf 82' lang='lat' dir='ltr'><strong>Alpinus</strong></span> <span class='ocrx_word' id='word_1_421' title='bbox 534 3852 627 3907; x_wconf 80' lang='lat' dir='ltr'><strong>amnis,</strong></span> <span class='ocrx_word' id='word_1_422' title='bbox 649 3852 676 3898; x_wconf 91' lang='lat' dir='ltr'><strong>in</strong></span> <span class='ocrx_word' id='word_1_423' title='bbox 719 3856 756 3902; x_wconf 86' lang='lat' dir='ltr'><strong>nit</strong></span> <span class='ocrx_word' id='word_1_424' title='bbox 769 3855 943 3902; x_wconf 88' lang='lat' dir='ltr'><strong>minutissimos</strong></span> <span class='ocrx_word' id='word_1_425' title='bbox 953 3856 1049 3920; x_wconf 81' lang='lat' dir='ltr'><strong>lapillos</strong></span> <span class='ocrx_word' id='word_1_426' title='bbox 1058 3856 1099 3917; x_wconf 92' lang='lat' dir='ltr'><strong>qui</strong></span> <span class='ocrx_word' id='word_1_427' title='bbox 1110 3856 1136 3900; x_wconf 92' lang='lat' dir='ltr'><strong>in</strong></span> <span class='ocrx_word' id='word_1_428' title='bbox 1145 3856 1232 3904; x_wconf 83' lang='lat' dir='ltr'><strong>fluvio-</strong></span> 
     </span>
     <span class='ocr_line' id='line_1_41' title="bbox 167 3929 1231 4000; baseline 0.006 -22"><span class='ocrx_word' id='word_1_429' title='bbox 167 3931 272 3995; x_wconf 84' lang='lat' dir='ltr'><strong>Alpibus</strong></span> <span class='ocrx_word' id='word_1_430' title='bbox 285 3929 403 3975; x_wconf 90' lang='lat' dir='ltr'><strong>oriundus</strong></span> <span class='ocrx_word' id='word_1_431' title='bbox 415 3930 455 3993; x_wconf 89' lang='lat' dir='ltr'><strong>(in</strong></span> <span class='ocrx_word' id='word_1_432' title='bbox 471 3931 542 3976; x_wconf 89' lang='lat' dir='ltr'><strong>Mont</strong></span> <span class='ocrx_word' id='word_1_433' title='bbox 557 3931 675 3995; x_wconf 71' lang='lat' dir='ltr'><strong>Genirre)</strong></span> <span class='ocrx_word' id='word_1_434' title='bbox 720 3949 772 3979; x_wconf 91' lang='lat' dir='ltr'><strong>rum</strong></span> <span class='ocrx_word' id='word_1_435' title='bbox 791 3934 864 3996; x_wconf 90' lang='lat' dir='ltr'><strong>ripis,</strong></span> <span class='ocrx_word' id='word_1_436' title='bbox 882 3935 920 3981; x_wconf 85' lang='lat' dir='ltr'><strong>vel</strong></span> <span class='ocrx_word' id='word_1_437' title='bbox 935 3937 1007 3982; x_wconf 85' lang='lat' dir='ltr'><strong>maris</strong></span> <span class='ocrx_word' id='word_1_438' title='bbox 1023 3935 1148 3983; x_wconf 85' lang='lat' dir='ltr'><strong>littoribus</strong></span> <span class='ocrx_word' id='word_1_439' title='bbox 1161 3953 1231 4000; x_wconf 79' lang='lat' dir='ltr'><strong>repe·</strong></span> 
     </span>
     <span class='ocr_line' id='line_1_42' title="bbox 166 4008 1230 4078; baseline 0.007 -22"><span class='ocrx_word' id='word_1_440' title='bbox 166 4026 233 4075; x_wconf 71' lang='lat' dir='ltr'><strong>eque</strong></span> <span class='ocrx_word' id='word_1_441' title='bbox 250 4024 278 4055; x_wconf 91' lang='lat' dir='ltr'><strong>ae</strong></span> <span class='ocrx_word' id='word_1_442' title='bbox 301 4011 380 4063; x_wconf 84' lang='lat' dir='ltr'><strong>Isara,</strong></span> <span class='ocrx_word' id='word_1_443' title='bbox 399 4011 461 4053; x_wconf 83' lang='lat' dir='ltr'><strong>Arar</strong></span> <span class='ocrx_word' id='word_1_444' title='bbox 480 4018 504 4054; x_wconf 88' lang='lat' dir='ltr'><strong>et</strong></span> <span class='ocrx_word' id='word_1_445' title='bbox 525 4008 677 4064; x_wconf 82' lang='lat' dir='ltr'><strong>Rhodanus,</strong></span> <span class='ocrx_word' id='word_1_446' title='bbox 720 4012 828 4071; x_wconf 88' lang='lat' dir='ltr'><strong>riuntur;</strong></span> <span class='ocrx_word' id='word_1_447' title='bbox 841 4026 882 4061; x_wconf 86' lang='lat' dir='ltr'><strong>aut</strong></span> <span class='ocrx_word' id='word_1_448' title='bbox 894 4017 980 4078; x_wconf 78' lang='lat' dir='ltr'><strong>potius</strong></span> <span class='ocrx_word' id='word_1_449' title='bbox 994 4027 1082 4063; x_wconf 85' lang='lat' dir='ltr'><strong>terram</strong></span> <span class='ocrx_word' id='word_1_450' title='bbox 1096 4015 1230 4063; x_wconf 86' lang='lat' dir='ltr'><strong>fabulosam</strong></span> 
     </span>
    </p>
   </div>
   <div class='ocr_carea' id='block_1_3' title="bbox 0 0 1415 4568">
    <p class='ocr_par' dir='ltr' id='par_1_4' title="bbox 0 0 1415 4568">
     <span class='ocr_line' id='line_1_43' title="bbox 0 0 1415 4568; baseline 0 0"><span class='ocrx_word' id='word_1_451' title='bbox 0 0 1415 4568; x_wconf 95' lang='lat' dir='ltr'><strong> </strong></span> 
     </span>
    </p>
   </div>
  </div>
 </body>
</html>
