2782 4568
216 306 280 350 122
634 284 672 349 Τ.
706 284 850 350 LIVII
1120 261 1243 373 ῧζζζὲζξξ

213 401 406 487 exercitus,
422 401 487 495 qui
502 401 618 471 victus
639 417 733 490 erat,
753 401 816 474 sed
832 415 867 472 et
887 401 981 495 ejm,
999 401 1063 498 qui
1078 426 1159 472 cum
1174 411 1268 475 Han-

211 512 330 583 nibale
356 512 395 580 in
417 511 518 581 Italia
536 512 732 601 militabat,
757 511 925 582 omnibus
949 509 1023 582 fere
1050 515 1139 582 caris
1161 515 1269 586 rebus
1315 598 1318 603 Α

210 625 279 722 (ne
300 625 419 721 gravia
440 623 699 721 impedimenta
712 623 917 696 ferentibus
937 625 1069 720 esseut)
1091 625 1178 695 citra
1201 629 1270 722 Py-

212 758 373 806 renaeum
391 733 536 804 relictis.

256 850 347 916 LXI.
364 845 464 915 Prius
479 869 588 940 quam
600 859 696 916 certa
706 844 814 940 hujus
829 844 938 915 cladis
952 842 1064 913 fama1
1075 843 1269 934 accideret,

132 988 139 996 ¹
207 966 449 1051 transgressus
463 953 611 1025 Iberum
629 953 828 1026 Hasdrubal
844 979 926 1026 cum
940 969 1022 1025 octo
1033 952 1191 1025 millibus
1206 980 1270 1052 pe-

210 1065 343 1152 ditum,
355 1066 453 1136 mille
467 1067 648 1161 equitum,
662 1080 833 1162 tanquam
847 1065 890 1135 ad
904 1066 1063 1161 primum
1075 1063 1270 1135 adventum

210 1179 456 1244 Romanorum
481 1199 717 1264 occursurus,
748 1191 942 1274 postquam
968 1174 1124 1271 perditus
1145 1200 1202 1244 res
1225 1174 1271 1244 ad

209 1286 352 1356 Scissim
369 1287 569 1382 amissaque
589 1301 702 1356 castra
725 1288 880 1384 accepit,
905 1287 974 1356 iter
993 1284 1037 1355 ad
1062 1310 1159 1354 mare
1180 1309 1271 1353 con·

210 1397 329 1466 vertit.
353 1397 459 1467 Haud
481 1397 607 1494 procul
629 1403 851 1468 Tarracone²
870 1397 1033 1468 classicos
1057 1396 1186 1465 milites
1207 1420 1269 1463 na—

210 1504 379 1602 valesque
399 1507 535 1595 socios,
556 1531 665 1602 vagos
685 1508 918 1605 palantesque
938 1533 1002 1604 per
1028 1531 1150 1602 agros,
1171 1505 1271 1600 quod

210 1612 323 1687 ferme
338 1615 398 1704 fit,
412 1631 454 1687 ut
469 1616 634 1687 secundae
651 1642 708 1689 res
723 1618 977 1716 negligentiam
991 1631 1133 1701 creent,
1150 1616 1271 1710 equite

211 1728 340 1821 passim
365 1727 532 1816 dimisso,
557 1752 639 1797 cum
661 1753 790 1825 magna
817 1729 932 1812 caede,
959 1727 1094 1819 majore
1120 1725 1203 1822 fuga
1226 1723 1272 1795 ad

211 1857 320 1906 naves
339 1838 532 1933 compellit.
553 1843 627 1909 Nec
647 1837 782 1908 diutius
801 1840 951 1907 circaea
971 1836 1050 1903 loca
1068 1837 1200 1903 morari
1215 1836 1278 1905 au·x

212 1966 290 2030 sus,
313 1970 360 2016 ne
379 1970 399 2016 a
420 1949 587 2043 Scipione
607 1951 887 2049 opprimeretur,
909 1958 1007 2013 trans
1029 1941 1174 2012 Iberum
1194 1968 1272 2015 sese

210 2055 348 2151 recepit
361 2080 369 2123 :
384 2071 420 2125 et
432 2058 570 2153 Scipio,
581 2060 712 2154 raptim
726 2054 770 2124 ad
782 2053 912 2123 lamam
924 2077 1101 2124 novorum
1111 2051 1272 2124 hostium

210 2166 351 2262 agmine
367 2162 483 2254 acto³,
502 2192 615 2262 quum
635 2170 671 2234 in
688 2188 821 2261 paucos
834 2162 1020 2260 praefectos
1034 2163 1177 2232 navium
1194 2164 1271 2232 ani-

209 2276 475 2363 madvertisset,
488 2275 653 2373 praesidio
666 2281 864 2345 Tarracone
878 2272 1022 2344 modico
1034 2273 1174 2359 relicto,
1190 2277 1270 2341 Em-

211 2385 331 2478 porias
354 2410 435 2455 cum
460 2384 569 2454 classe
593 2383 712 2453 rediit.
727 2382 886 2452 Vixdum
912 2383 1069 2480 digresso
1093 2408 1158 2469 eo,
1181 2388 1270 2452 Has-

244 2550 307 2599 Csr.
316 2553 383 2599 LXI.
397 2568 418 2598 1.
428 2556 506 2600 Fama
516 2550 650 2607 accideret,
662 2551 719 2598 vide
762 2552 797 2599 ibi
810 2553 890 2616 legato
903 2565 928 2601 et
937 2553 1070 2610 affuturus,
1081 2553 1119 2600 vel
1128 2553 1165 2599 sui
1175 2553 1271 2616 copiam

209 2627 241 2675 ad
250 2644 303 2691 cap.
315 2644 358 2687 10,
371 2646 397 2677 n.
412 2630 452 2677 15.
463 2657 499 2665 -
510 2629 554 2675 Ad
557 2629 664 2692 primam
675 2630 718 2676 ad·
762 2631 921 2695 praebiturus,
939 2630 989 2679 siclt
1009 2631 1137 2699 einfinden.
1152 2653 1164 2671 n
1185 2633 1269 2678 Bauer.

208 2718 301 2753 ventum
315 2709 478 2761 Romanorum
493 2723 646 2763 occursurus,
658 2725 717 2755 ven·
797 2726 822 2756 a.
834 2710 913 2757 Haud
913 2711 1004 2774 procul
1018 2712 1154 2756 Tarracone
1164 2708 1231 2774 (vide
1240 2710 1271 2756 ad

206 2795 290 2843 uirus,
303 2785 463 2844 adventurus,
476 2797 504 2833 ut
517 2800 641 2833 occurrere
650 2803 717 2851 proe-
761 2790 850 2847 XXII,
865 2805 911 2848 aa,
923 2806 949 2837 n.
958 2786 988 2852 2)
1002 2788 1114 2835 classicos
1126 2787 1211 2835 milites
1225 2805 1271 2835 na-

207 2862 253 2920 tto,
262 2863 310 2920 rei,
322 2865 358 2910 ad
367 2880 434 2927 opem
438 2863 570 2928 fluendum
576 2900 585 2922 ,
599 2866 715 2923 comitiis,
761 2869 873 2932 salesque
881 2868 958 2915 socios
970 2866 1036 2930 (vide
1043 2866 1074 2913 ad
1081 2869 1133 2925 IX,
1144 2868 1189 2924 38,
1200 2884 1224 2914 n.
1233 2866 1271 2932 1),

200 2942 318 3005 concilip,
327 2943 395 2990 etad
400 2942 528 2990 concilium
536 2946 574 3003 X,
585 2944 630 3003 43;
640 2945 717 3005 XXI,
761 2949 898 2994 Tarracone
908 2945 1006 2993 relictos
1015 2980 1022 3004 ,
1031 2962 1123 3010 vagos,
1138 2957 1184 2993 etc.
1199 2946 1272 2994 Conl.

207 3021 382 3081 613XXVIII,
391 3023 529 3078 83XXXI,
538 3024 715 3085 29;xxxvl‚
761 3025 848 3089 Polyb.
859 3027 912 3084 111,
932 3026 974 3084 76.
992 3026 1054 3072 Mox
1067 3024 1136 3087 quod
1139 3023 1219 3087 ferme
1221 3024 1269 3090 fit,

209 3101 468 3162 243xxxv11‚32;
487 3101 619 3160 XXXIX,
633 3103 656 3148 6.
677 3102 717 3150 Sic
762 3103 804 3150 abi
814 3102 926 3150 secanda
946 3119 983 3150 res
1000 3102 1170 3166 negligentiam
1187 3113 1274 3148 creant

208 3191 232 3227 et
238 3196 330 3244 pugna
349 3179 458 3226 obvenire
470 3182 573 3239 XXIX,
588 3182 635 3239 34,
650 3197 675 3230 n.
689 3182 717 3242 5,
761 3182 855 3230 emend.
869 3184 944 3231 Doer.
953 3197 1005 3229 non
1018 3180 1085 3228 male.
1100 3181 1146 3226 Eo.

210 3273 236 3308 et
248 3279 284 3326 gr.
296 3259 389 3328 φθάνειν
404 3272 429 3309 et
442 3261 567 3328 καταντᾷν
583 3258 629 3312 τινὶ
644 3274 669 3311 et
683 3261 716 3320 εἷς
798 3263 820 3309 3.
833 3261 937 3326 Agraine
950 3272 1006 3307 acto
1014 3295 1022 3317 ,
1042 3258 1098 3305 vide
1111 3257 1142 3305 ad
1155 3259 1204 3315 VI,
1224 3260 1272 3318 28,

207 3357 231 3389 τι
245 3341 285 3389 vel
298 3338 339 3390 lui
353 3358 377 3389 τι
393 3342 477 3404 aliquo
493 3343 607 3402 tendere,
621 3359 647 3391 se
657 3360 717 3391 con·
761 3357 786 3389 u.
796 3357 816 3386 1.
825 3367 859 3375 -
867 3340 981 3403 SIgonius
991 3355 1004 3385 e
1015 3348 1065 3385 vet.
1076 3337 1119 3385 lib.
1129 3337 1169 3384 dat
1177 3337 1255 3384 accito
1262 3356 1273 3394 ,-

206 3429 312 3475 vertere,
325 3419 461 3480 pervenire.
473 3441 485 3458 «
498 3420 718 3467 Occurrereconci·
761 3419 849 3466 achvit
867 3418 932 3465 enim
951 3433 1036 3481 agmen
1057 3417 1140 3480 Scipio
1161 3417 1274 3463 classico·

208 3496 241 3544 lio
249 3507 319 3544 notat
329 3497 400 3543 etiam
410 3497 512 3553 XXXI,
523 3512 556 3558 ²9
569 3513 606 3560 pr.
620 3499 646 3544 in
658 3509 717 3545 tem·
760 3515 815 3545 mm
826 3498 946 3553 militum,
961 3508 985 3544 et
1002 3496 1125 3543 navalium
1138 3497 1272 3552 seclorum,

206 3592 267 3640 pore
286 3575 383 3629 adesse,
400 3592 452 3622 non
471 3591 525 3622 sero
539 3577 643 3625 venire:
662 3593 716 3639 quae
761 3592 823 3640 quos
829 3590 906 3638 vagos
916 3575 1074 3639 palantesque
1087 3593 1131 3638 per
1139 3571 1275 3637 agrosllas·

206 3656 243 3701 vis
255 3671 307 3703 non
319 3655 347 3702 in
364 3655 447 3702 dativo
458 3655 543 3716 utique
556 3654 627 3712 latet,
647 3655 690 3702 sed
704 3672 717 3703 e
761 3655 847 3702 drubal
857 3664 1028 3718 oppresserat,
1043 3665 1071 3701 ut
1080 3655 1106 3700 in
1116 3669 1207 3717 paucos
1216 3668 1276 3714 prae-

206 3745 323 3781 contexto
337 3733 448 3781 accedit:
467 3733 558 3797 quippe
573 3733 635 3780 ibid.
649 3735 720 3781 etad
761 3734 839 3781 lectos
861 3732 1073 3780 animadverteret.
1094 3733 1129 3779 At
1150 3730 1274 3778 Drakenb.

203 3812 332 3859 concilium
351 3828 476 3858 occurrere
491 3812 557 3859 idem
571 3812 658 3875 fuerit;
675 3812 718 3860 sed
762 3812 825 3859 nibil
837 3812 980 3859 mutandum
993 3823 1076 3876 putat3
1098 3825 1153 3856 nam
1171 3809 1275 3872 pessime

206 3890 270 3952 regis
286 3890 358 3953 legati
374 3892 555 3949 accelerarunt,
577 3908 629 3939 non
642 3892 719 3940 Athe·
762 3891 804 3939 hio
813 3901 923 3938 versatus
935 3902 971 3938 eet
981 3890 1102 3954 Sigonius.
1115 3888 1174 3934 Non
1189 3904 1277 3952 agmen

209 3967 339 4014 niensium.
381 3970 492 4017 Occurrit
525 3987 553 4017 eo
586 3970 720 4019 Antiochus
764 3969 919 4016 classicorum
940 3970 1045 4018 militum
1067 3967 1150 4030 Scipio
1172 3968 1275 4026 accivit,

209 4047 321 4104 XXXV,
329 4047 359 4094 15
367 4062 404 4108 pr.
412 4049 567 4112 venit,quasi
575 4064 719 4098 occursurus
763 4048 806 4095 sed
815 4049 881 4113 ipse,
897 4050 986 4114 raptim
998 4047 1093 4113 agmine
1105 4047 1174 4107 a'cto,
1191 4046 1223 4093 ad
1234 4060 1276 4092 eos
