2782 4568
184 300 308 403 aaa:
390 317 542 385 araca
573 313 711 382 xxiv.
741 313 844 382 cap.
873 314 981 380 x111.
1146 267 1217 409 397

159 461 338 508 cessuram
356 459 496 505 morum
505 488 516 520 ,
536 439 624 531 quin
643 433 728 502 urbs
743 430 905 503 dedatur.
921 438 967 502 In
976 447 1156 529 potestate
1159 438 1220 528 ju·

158 546 302 621 nicrum
311 548 478 647 plebem,
498 554 534 617 in
552 572 667 617 manu
679 546 797 642 plebis
812 571 888 616 rem
907 552 1122 617 tarentinam
1137 573 1219 618 esse.

159 660 339 732 Hannibal
349 659 569 730 collaudatos
580 681 655 743 eos,
670 669 913 752 oneratosque
922 654 1129 751 ingentibus
1138 681 1221 753 pro-

129 777 133 783 “
160 773 275 843 missis
288 770 438 842 domum
458 769 500 840 ad
516 781 635 864 coepta
645 764 859 836 maturanda
872 765 990 836 redire
1000 765 1122 858 jubet:
1137 790 1175 837 se
1186 767 1224 834 in

160 897 325 979 tempore
343 878 552 950 adfuturum
569 902 666 949 esse:
683 876 846 948 haecum
863 900 927 973 spe
941 875 1075 946 dimissi
1090 881 1225 947 Taren-

161 994 237 1062 tini.
248 975 373 1089 Ipsum
387 991 514 1086 ingens
529 987 663 1085 cupido
677 989 870 1058 incesserat
879 988 1024 1056 Tarenti
1035 986 1225 1084 potiundi:

162 1102 290 1174 urbem
311 1125 386 1170 esse
408 1098 574 1186 videbat,
597 1123 711 1194 quum
735 1098 947 1196 opulentam
963 1097 1224 1194 nobilemque,

163 1227 241 1283 tum
265 1211 500 1297 maritimam,
526 1223 562 1278 et
584 1209 622 1278 in
644 1208 891 1278 Macedoniam
917 1222 1124 1304 opportune
1146 1232 1227 1277 vcr-

165 1347 259 1409 sam,
274 1343 469 1417 regemque
483 1318 689 1416 Philippum
709 1318 808 1388 hunc
824 1333 989 1416 portum,
1011 1319 1040 1388 si
1059 1320 1228 1389 transiret

164 1432 203 1501 in
218 1431 372 1522 Italiam,
389 1454 504 1525 quum
519 1428 750 1501 Brundisium
764 1431 919 1501 Romani
932 1427 1126 1519 haberent,
1142 1430 1229 1526 peti-

166 1557 299 1612 turum.
323 1545 432 1612 Sacro
452 1539 537 1611 inde
555 1555 781 1638 perpetrato,
801 1540 845 1610 ad
865 1538 965 1637 quod
984 1555 1151 1627 venerat,
1172 1555 1228 1631 et,

167 1652 254 1722 dum
272 1651 323 1722 ibi
342 1665 526 1740 moratur,
545 1665 748 1748 pervastato
772 1674 858 1746 agro
877 1674 1030 1721 cumano
1050 1673 1165 1746 usque
1184 1648 1230 1722 ad

166 1762 295 1832 Miseni
312 1763 622 1859 promontorium,
643 1762 810 1839 Puteolos
826 1775 976 1859 repente
995 1785 1122 1858 agmen
1144 1785 1229 1831 con-

168 1875 296 1956 vertit,
324 1872 368 1942 ad
393 1872 673 1968 opprimendum
699 1873 904 1969 praesidium
930 1871 1133 1942 romanum.
1161 1875 1231 1941 Sex

167 1981 279 2052 millia
296 1983 487 2052 hominum
501 1999 622 2068 erant,
639 1998 674 2054 et
693 1983 794 2055 locus
814 1983 1042 2054 munimento
1062 2006 1231 2078 quoque,

168 2118 244 2164 non
257 2109 384 2162 natura
398 2090 525 2179 modo,
541 2105 650 2189 tutus.
663 2093 838 2187 Triduum
850 2092 902 2163 ibi
915 2109 1075 2164 moratus
1088 2097 1235 2182 Poenus,

169 2201 214 2274 ab
228 2205 327 2274 omni
342 2217 444 2302 parte
458 2216 596 2272 tentato
614 2202 779 2299 praesidio
790 2201 818 2291 3,
830 2203 977 2293 deinde,
992 2217 1033 2273 ut
1046 2202 1137 2273 nihil
1151 2227 1234 2300 pro·

170 2314 321 2385 cedebat
331 2317 358 2403 l,
378 2313 423 2383 ad
441 2311 693 2410 populandum
712 2334 838 2407 agrum
857 2310 1148 2408 neapolitanum,
1162 2335 1235 2380 ma-

171 2426 223 2521 gis
236 2426 288 2494 ira
305 2449 414 2519 quam
433 2422 619 2520 potiundae
641 2421 740 2492 urbis
759 2444 840 2517 spe,
864 2422 1048 2518 processit.
1067 2421 1236 2492 Adventu

171 2535 250 2627 ejus
267 2535 303 2601 iu
324 2533 572 2629 propinquum
596 2556 721 2627 agrum
743 2531 875 2601 nolana
894 2545 993 2600 mota
1012 2527 1092 2601 est⁵
1114 2531 1234 2629 plebs,

169 2641 243 2735 jam
268 2639 332 2708 diu
356 2665 479 2710 aversa
502 2640 547 2710 ab
571 2643 760 2730 Romanis,
784 2656 819 2711 et
843 2640 969 2712 infesta
995 2643 1134 2712 senatui
1157 2667 1235 2714 suc.

171 2755 300 2846 Itaque
316 2749 424 2845 legati
438 2749 482 2817 ad
501 2750 753 2820 arcessendum
769 2751 1021 2841 Hannibalem,
1041 2776 1124 2823 cum
1138 2752 1237 2823 haud

174 2857 287 2928 dubio
313 2857 492 2953 promisso
515 2858 696 2928 tradendae
715 2858 836 2948 urbis,
853 2876 1044 2931 venerunt.
1065 2864 1237 2933 Praevenit

173 2970 360 3066 inceptum
378 2990 505 3037 eorum
524 2967 713 3038 Marcellus
733 2969 879 3055 consul,
898 2993 918 3038 a
940 2969 1159 3065 primoribus
1177 2995 1237 3041 ac-

124 3152 127 3157 ,
175 3081 267 3149 citus
284 3105 290 3147 :
306 3076 364 3149 die
379 3102 455 3147 uno
469 3077 672 3147 Suessulam
690 3101 710 3147 a
724 3077 885 3165 Calibus,
904 3102 1019 3174 quum
1034 3076 1238 3149 Vulturnus

175 3189 290 3258 amnis
307 3187 544 3282 trajicientem
564 3200 723 3257 moratus
748 3202 859 3276 esset,
879 3187 1126 3258 contenderat.
1148 3188 1238 3259 lnde
1338 3240 1341 3245 -

176 3299 339 3395 proxima
353 3311 461 3367 nocte
475 3320 537 3366 sex
551 3294 662 3366 millia
676 3295 855 3393 peditum,
871 3297 1084 3392 equitesque
1099 3311 1238 3367 trecen·

177 3421 252 3491 tos,
272 3409 335 3503 qui
354 3405 520 3504 praesidio
544 3407 684 3475 senatui
706 3421 843 3493 essent,
862 3405 991 3476 Nolam
1017 3406 1208 3474 intromisit
1228 3430 1236 3474 :

119 3593 121 3597 ,
178 3529 233 3604 et,
251 3517 302 3584 uti
319 3513 501 3587 aconsule
519 3515 638 3583 omnia
658 3515 807 3611 impigre
826 3512 917 3584 lacta
936 3529 1020 3584 suut
1039 3513 1088 3613 ad⁸
1103 3538 1237 3611 praeoc-

178 3625 380 3722 cupandam
402 3625 550 3712 Nolam,
570 3627 618 3694 ita
640 3623 818 3694 Hannibal
840 3639 983 3720 tempus
1002 3623 1160 3712 terebat3
1183 3624 1239 3695 his

214 3827 238 3872 3.
248 3826 288 3872 Ab
299 3823 366 3871 omni
370 3836 445 3887 parce
455 3837 546 3874 tentato
552 3825 685 3891 proesidio;
729 3843 754 3874 n.
768 3827 792 3874 8.
804 3828 907 3889 'Ingrata
921 3825 1081 3890 negligentia,
1096 3828 1142 3875 etsi
1157 3828 1239 3876 verbis

178 3904 234 3951 vide
247 3903 278 3950 ad
288 3905 340 3961 lx,
353 3904 399 3961 35,
414 3919 438 3949 u.
453 3919 474 3951 1.
730 3921 781 3953 non
794 3905 878 3952 eadem
890 3905 982 3952 visast.

215 3991 238 4038 4.
255 3984 287 4029 Ut
297 3982 359 4029 nibil
363 3982 513 4045 procedebat
528 3984 599 4048 (vide
608 3985 640 4032 ad
649 3988 686 4042 ΙΙ,
768 3985 791 4032 5.
801 3985 900 4030 Nolana
910 3994 976 4030 mota
984 3996 1019 4030 est
1021 3985 1089 4049 plebs
1096 4019 1102 4031 .
1109 3985 1224 4033 ..accitus
1228 4001 1239 4042 ‚¹

181 4069 228 4120 tl,
240 4078 265 4109 n.
278 4061 490 4126 1),...processit;
502 4063 568 4111 conf.
580 4063 646 4122 adl,
659 4064 688 4121 3,
732 4063 1028 4126 conf.xxn1,1a,s9.

715 4160 722 4187 t
