2782 4568
522 280 679 348 LIBER
705 285 808 349 XXI.
996 281 998 287 ’
1173 295 1194 364 3

174 394 338 459 diterranea
348 399 448 456 Galliae
457 403 544 477 petit,
559 415 588 458 et
599 399 636 458 ab
647 401 866 479 Allobrogibus,
878 417 1030 482 postquam
1041 416 1196 474 certamina

176 509 294 562 eorum,
316 488 424 548 arbiter
444 493 525 569 regni
547 494 653 563 sactus,
673 494 798 566 sedavit,
820 496 905 573 copia
929 517 1027 560 rerum
1051 506 1195 578 omniurn,

175 582 298 640 maxime
312 585 448 656 vestium,
464 585 624 662 adjuvatur.
644 587 716 645 Inde
730 608 783 665 per
796 589 1023 652 Tricastinorum
1035 599 1195 658 Vocontio-

175 693 298 752 rumque
318 695 403 754 agros
424 678 516 736 tendit
534 679 564 735 in
581 680 742 751 Tricorios,
765 695 794 740 et
811 685 981 744 Druentiam
1002 689 1123 764 trajicit,
1146 696 1196 769 qui

149 773 151 777 ’
174 768 302 825 omnium
322 770 423 828 Galliae
443 771 569 829 amnium
590 771 776 835 difficillimus
797 774 916 831 transitu
941 789 991 834 cst.
1007 819 1047 830 -
1062 785 1197 856 XXX113

174 860 288 939 Scipio,
300 860 472 940 desperans,
485 883 516 920 se
531 863 628 922 hostes
647 877 757 923 tantum
770 885 944 943 praegressos
960 886 1196 950 assequuturum‚

173 955 229 1011 Cn.
243 954 361 1012 fratrem
377 975 442 1013 cum
461 957 586 1016 maxima
607 957 757 1035 copiarum
775 971 858 1035 parte
876 958 906 1015 in
921 960 1088 1039 Hispaniam
1109 970 1196 1028 mittit

172 1045 310 1105 adversus
326 1047 555 1119 Hasdrubalem,
573 1061 602 1106 ct
622 1068 688 1105 cum
707 1050 811 1125 exigua
825 1068 913 1109 manu
930 1055 1061 1117 Genmm
1075 1062 1195 1136 repetit,

172 1158 221 1211 eo,
236 1141 286 1217 qui
301 1142 377 1199 circa
389 1141 501 1199 Padum
517 1154 598 1209 erat,
615 1140 744 1197 exercitu
758 1142 840 1199 Atilii
855 1154 884 1199 ct
900 1145 1002 1203 Manlii
1015 1149 1126 1208 Italiam
1142 1152 1196 1211 dc—

172 1232 320 1303 l'ensurus,
339 1253 572 1309 occursurusque
591 1238 680 1290 Poeno
700 1232 737 1291 ab
755 1233 880 1311 Alpibus
898 1235 1093 1298 descendenti.
1113 1248 1196 1302 Han-

166 1326 249 1384 ·nibal
263 1328 396 1404 peruenit
411 1326 448 1383 ad
459 1327 548 1403 Alpes
553 1368 562 1396 ,
577 1338 605 1383 et
619 1327 717 1384 Gallos
729 1325 766 1383 ad
777 1327 898 1387 visenda
913 1329 977 1387 loca
990 1334 1147 1408 praemittit
1158 1371 1196 1381 -

172 1423 483 1491 XXXIII-XXXIV;
497 1418 588 1496 Erigit
603 1438 704 1497 agmen
719 1419 750 1477 in
765 1420 875 1497 primos
889 1423 994 1481 montis
1007 1426 1113 1500 clivos,
1128 1449 1196 1486 con-

170 1511 283 1568 flictans
295 1531 360 1568 cum
370 1511 513 1569 montanis
525 1511 712 1586 etiniquitate
722 1511 861 1570 locorum.
871 1517 1179 1578 -xxxv-xxxvl
1186 1546 1195 1594 3

170 1607 259 1660 Nono
274 1600 320 1658 die
331 1602 361 1659 in
369 1601 470 1678 jugum
482 1602 663 1678 ejuslsevadin
677 1615 705 1659 et
717 1601 885 1679 degreditur
896 1605 927 1662 in
939 1606 1001 1663 vias
1014 1611 1194 1689 praecipites,

170 1707 319 1772 angustas,
333 1693 473 1765 lubricas,
487 1697 605 1771 praealta
619 1697 686 1751 nive
701 1707 730 1751 et
742 1695 800 1751 levi
816 1696 891 1753 infra
906 1698 995 1773 glacie
1007 1699 1145 1762 obtectas.
1157 1741 1193 1751 -

169 1786 419 1858 XXXVH31nde
437 1807 556 1865 rupem,
570 1807 623 1864 per
640 1807 728 1862 quam
745 1807 833 1845 unam
849 1789 897 1846 via
915 1804 972 1861 cst,
988 1793 1128 1854 torridam
1145 1799 1193 1856 in-

170 1880 288 1950 cendio,
299 1880 453 1956 infusoque
465 1894 546 1938 aceto
558 1881 762 1957 putrefactam,
776 1879 878 1956 pandit
889 1881 981 1955 ferro,
990 1897 1019 1942 et
1031 1887 1146 1947 tandem
1157 1892 1194 1948 ad

169 1974 287 2051 planum
302 1970 500 2029 descendit-
511 1975 688 2042 XXXVII13
705 1975 740 2029 In
753 1972 887 2041 Taurinis
902 1972 1070 2050 degreditur
1083 1979 1113 2036 in
1129 1987 1192 2040 Ita-

169 2067 257 2132 liam,
280 2064 389 2141 ingenti
413 2083 536 2121 numero
563 2063 714 2121 hominum
736 2063 994 2142 jumentorumque
1020 2070 1134 2128 amisso.
1155 2105 1194 2120 -

169 2163 316 2228 XXXIX,
333 2157 448 2232 Scipio,
469 2177 559 2234 qutun
578 2157 657 2214 Pisas
679 2155 803 2214 navibus
821 2158 961 2229 venisset,
976 2162 1194 2242 exercitumque

169 2252 324 2329 accepisset
334 2271 351 2308 a
361 2250 472 2309 Manlio
486 2263 515 2308 ct
528 2249 618 2308 Atilio
630 2249 770 2321 tironem,
785 2262 909 2327 occupat
923 2251 1033 2309 Padum
1048 2255 1193 2332 trajicere,

169 2356 198 2402 et
218 2344 255 2402 ad
274 2343 406 2401 Ticinum
429 2361 542 2401 amnem
562 2353 660 2398 movet
680 2355 789 2412 castra,
808 2338 858 2400 ubi
876 2343 1019 2401 exercitus
1034 2351 1191 2414 ,Poenorum

168 2441 421 2512 Romanorumque
432 2434 491 2512 jam
504 2434 535 2492 in
550 2446 706 2511 conspectu
720 2448 796 2492 sunt.
807 2467 844 2477 —
856 2439 934 2494 XL·
946 2440 1032 2509 XLI;
1044 2440 1192 2503 Adhorta.

169 2541 216 2587 tur
230 2530 332 2587 milites
345 2546 422 2585 snos.
437 2562 474 2572 -
488 2531 572 2587 XLII
582 2531 720 2598 ·XLIV;
736 2527 818 2585 Idem
840 2528 907 2585 lacit
928 2530 1091 2603 Hannibal,
1111 2536 1190 2595 edito

167 2623 248 2699 prius
261 2623 415 2683 certamine
429 2621 611 2697 captivorum
626 2633 838 2678 montanorum.
860 2655 897 2665 -
915 2627 1009 2693 XLv3
1028 2627 1125 2703 Scipio
1138 2632 1190 2688 Ti-

167 2716 263 2772 cinum
276 2729 364 2793 ponte
380 2715 498 2791 trajicit,
511 2726 541 2770 et
553 2733 611 2770 non
626 2714 711 2789 longe
724 2733 741 2768 a
750 2714 923 2773 Victumulis
935 2715 1066 2773 considet
1076 2719 1106 2774 in
1120 2741 1190 2798 agro

167 2806 345 2879 Insubrium,
363 2807 412 2868 ubi
432 2804 576 2865 Hannibal
596 2818 689 2863 castra
705 2804 809 2877 habet,
828 2819 857 2863 et
871 2811 990 2883 praemia
1005 2810 1063 2867 suis
1075 2811 1190 2888 juratus

166 2900 342 2977 pronuntiat.
362 2902 529 2968 -XLV13
550 2897 685 2975 Prodigia
704 2899 734 2955 in
757 2901 856 2959 castris
879 2901 1022 2972 romanis,
1040 2915 1069 2959 et
1092 2926 1189 2983 pugna

165 2990 304 3068 equestris
318 2991 354 3048 ad
368 2990 513 3061 Ticinum,
527 2989 557 3047 in
578 3009 636 3066 qua
653 2990 786 3066 superior
805 3005 848 3049 est
867 2991 1028 3064 Hannibal,
1046 3008 1074 3051 et
1091 3000 1189 3076 Scipio

162 3083 330 3140 vulneratus
342 3083 503 3140 intercursu
516 3094 576 3139 tum
590 3081 716 3158 primum
729 3082 912 3159 pubescentis
927 3085 976 3143 lilii
992 3100 1132 3149 servatur.
1148 3121 1187 3135 —

162 3179 289 3245 XLVII3
310 3174 435 3233 Romani
454 3176 494 3231 cis
511 3172 622 3230 Padum
642 3173 860 3248 regrediuntur,
876 3189 907 3232 et
923 3176 1098 3251 perveniunt
1119 3180 1186 3237 Pla-

161 3268 299 3339 centiam,
315 3287 375 3344 quo
389 3280 419 3325 et
433 3266 512 3324 Poeni
531 3264 717 3323 contendunt.
733 3299 771 3307 -
784 3269 925 3335 XLVIII,
941 3265 1017 3323 Galli
1033 3269 1186 3329 auxiliares

161 3365 360 3419 Romanorum
379 3360 416 3417 ad
433 3364 536 3417 Poeuos
553 3357 760 3433 transfugiunt,
775 3367 804 3413 et
815 3354 928 3431 Scipio,
939 3356 1074 3418 Trebiam
1090 3372 1185 3420 trans-

160 3471 290 3529 gressus,
309 3454 421 3522 locum,
436 3452 485 3526 qui
501 3470 594 3528 prope
610 3451 718 3508 flumen
734 3447 890 3505 tutissimus
905 3447 1014 3507 stativis
1031 3462 1074 3506 est
1089 3453 1182 3527 visuS,

159 3543 303 3601 delectum
321 3544 495 3614 communit,
514 3544 630 3622 oollcgae
646 3542 801 3601 adventum
819 3540 982 3619 opperiens
1002 3543 1063 3599 Nec
1079 3553 1183 3621 procul

158 3634 228 3693 inde
245 3635 391 3694 Hannibal
409 3635 553 3706 considet,
569 3649 598 3693 ct
614 3635 779 3714 proditioue
794 3634 872 3712 capit
889 3632 1057 3692 Clastidium
1072 3638 1184 3716 neum,

158 3750 218 3808 quo
248 3750 384 3807 magnum
418 3731 555 3788 frumenti
580 3749 732 3788 numerum
760 3738 963 3805 congesserant
991 3732 1121 3788 Romani.
1144 3768 1183 3779 -

157 3825 334 3892 XLIX-L,
352 3822 472 3878 Interim
493 3821 680 3898 Sempronius
702 3821 818 3892 consul,
837 3819 874 3877 ab
895 3819 1022 3878 Hierone
1043 3842 1110 3899 rege
1128 3828 1182 3883 ad-

155 3917 252 3990 jutus,
267 3917 345 3973 circa
357 3916 482 3975 Siciliam
496 3936 541 3973 res
556 3936 693 3993 prospere
705 3915 790 3993 gerit,
803 3927 832 3970 ct
843 3918 945 3970 Poenos
959 3915 1031 3971 mari
1045 3918 1132 3974 vincit
1146 3922 1182 3977 ad

157 4007 328 4084 Lilybaeum.
343 4043 380 4053 -·-
391 4014 445 4080 LI;
461 4013 535 4068 Tum
550 4009 679 4068 Melitam
695 4009 788 4084 capit:
804 4005 855 4065 sed
869 4026 950 4077 mox,
962 4006 1052 4064 literis
1069 4024 1183 4071 senatus

999 4126 1009 4171 l
1025 4153 1031 4169 0
