2782 4568
167 281 234 353 138
541 285 560 326 ··
583 290 622 357 r.
655 289 794 357 Lrvu
1078 267 1200 373 32:333:

161 429 326 502 sparsum
341 407 489 477 maculis
499 390 560 496 ,et
577 409 613 478 in
629 409 763 480 Antiati
774 403 805 452 ¹⁵
819 408 1040 480 metentibus
1057 427 1225 484 cruentas

161 517 200 585 in
214 512 362 586 corbem
377 518 491 614 spicas
506 517 689 608 cecidisse;
705 533 740 590 et
755 518 897 590 Faleriis
912 520 1036 590 caelum
1053 519 1144 593 findi
1155 523 1226 594 vel·

161 637 202 694 ut
217 647 348 719 magno
360 623 461 694 hiatu
472 626 603 714 visum,
615 651 760 723 quaque
772 629 945 726 patuerit,
960 630 1086 726 ingens
1099 632 1226 704 lumen

161 731 354 822 effulsisse3
377 750 491 806 sortes
515 761 578 808 sua
603 753 733 834 sponte
756 753 956 810 attenuatas
971 736 1014 828 ¹⁶,
1039 767 1224 838 unamque

159 845 349 931 excidisse,
363 847 411 917 ita
426 849 612 946 scriptam:
625 854 775 922 Mavors
785 876 906 922 ratum
918 876 1015 922 suum
1030 878 1224 942 coucur1r3

158 969 201 1026 et·
212 981 278 1052 per
292 956 388 1027 idem
405 971 549 1056 tempus
566 965 689 1030 Romae
706 963 846 1058 signum
864 964 987 1034 Martis
999 966 1152 1060 Appia¹⁷
1167 965 1225 1034 via

159 1067 205 1137 ad
220 1068 407 1139 simulacra
422 1069 594 1167 luporum
609 1072 772 1160 sudasse;
785 1087 821 1143 et
833 1077 964 1169 Capuae
980 1075 1136 1171 speciem
1148 1075 1224 1144 caeli

158 1176 317 1248 ardentis
329 1177 454 1269 fuisse,
467 1180 635 1279 lunaeque
646 1181 905 1253 inlerimbrem
914 1182 1124 1255 cadentis¹⁸.
1136 1184 1224 1255 lnde

158 1288 361 1359 minoribus
377 1292 484 1362 ctiam
503 1292 603 1363 dictu
625 1293 797 1390 prodigiis
816 1292 906 1365 fides
927 1293 1050 1365 habita
1070 1321 1077 1364 :
1101 1318 1225 1391 capras

156 1395 292 1470 lanatas
310 1400 527 1496 quihusdam
540 1401 668 1491 factas,
684 1418 719 1474 et
739 1405 908 1502 gallinam
925 1407 962 1475 in
980 1430 1134 1488 marem,
1148 1405 1224 1501 gal-

156 1506 233 1579 lum
256 1512 294 1580 in
312 1509 484 1582 feminam
508 1537 583 1583 sese
602 1514 762 1584 vertisse.
783 1515 863 1599 llis,
885 1516 976 1585 sicut
1000 1530 1102 1586 erant
1127 1540 1224 1585 nun-

156 1620 260 1705 tiata,
275 1623 463 1717 expositis,
479 1622 759 1720 auctoribusque
780 1625 817 1692 in
836 1624 971 1693 curiam
989 1622 1223 1710 introductis,

157 1731 285 1800 consul
304 1731 349 1802 de
367 1732 540 1828 religione
558 1749 678 1829 patres
696 1734 931 1804 consuluit19.
951 1737 1165 1818 Decretum,
1183 1747 1226 1802 ut

157 1863 197 1909 ea
214 1839 391 1937 prodigia,
402 1843 532 1938 partim
549 1842 744 1938 majoribus
761 1839 886 1910 hostiis
894 1854 935 1923 ²⁰,
948 1841 1079 1936 partim
1096 1840 1227 1911 lacten·

156 1946 272 2036 tibus,
289 1966 589 2046 procurarentur,
607 1966 643 2023 et
665 1952 719 2022 uti
739 1950 954 2049 supplicatio
976 1974 1041 2046 per
1061 1949 1225 2047 triduum

155 2150 199 2192 sen
217 2146 298 2210 magni
314 2146 342 2192 in
356 2147 492 2210 Capitolio,
508 2146 539 2194 de
553 2162 602 2210 quo
612 2147 669 2199 vide
752 2162 792 2206 17·
813 2145 912 2210 Signum
932 2144 1022 2193 Marcis
1041 2146 1068 2192 iu
1085 2145 1169 2209 Appia
1180 2146 1226 2192 via

156 2227 205 2279 IX,
224 2234 265 2281 44.
279 2225 370 2275 Confer
379 2225 411 2273 ad
422 2225 487 2288 Epit.
496 2227 550 2272 Lir.
562 2230 628 2287 L,n.
641 2227 668 2284 3,
714 2226 799 2273 confer
809 2225 859 2272 Cic.
874 2224 905 2271 ad
915 2225 1033 2286 Quintum
1048 2224 1078 2270 fr.
1090 2226 1140 2283 111,
1153 2241 1182 2284 7,
1200 2235 1226 2272 et

155 2304 199 2351 ubi
217 2320 293 2371 caput
305 2309 386 2358 multis
400 2308 550 2368 cicatricibus
559 2322 670 2372 spartum
714 2305 744 2352 de
756 2304 794 2350 via
803 2303 844 2350 illa
854 2318 926 2366 supra
936 2302 968 2349 ed
980 2304 1031 2359 IX,
1041 2317 1090 2364 29,
1104 2319 1130 2349 n.
1145 2302 1159 2348 5
1166 2301 1176 2366 )
1185 2318 1226 2349 su-

156 2381 253 2432 dicitur.
713 2383 784 2430 dasse
801 2382 902 2447 (confer
915 2393 968 2428 not.
986 2396 1013 2427 11
1024 2379 1034 2443 )
1045 2379 1082 2427 ad
1092 2379 1226 2428 simulacra

193 2463 233 2508 15.
247 2466 277 2509 In
291 2467 388 2514 Antiati
397 2466 478 2531 (vide
489 2465 520 2513 ad
529 2466 607 2522 VIII,
623 2479 667 2522 rr,
714 2459 1029 2526 hpornmsterarumMnrd
1037 2458 1224 2522 sacrarum(rid.

154 2557 180 2587 n.
198 2539 244 2604 11)
258 2545 399 2592 metentibus
409 2555 521 2591 cruentas
535 2542 559 2589 in
573 2543 668 2589 corbem
712 2540 743 2587 ad
750 2542 787 2598 X,
798 2556 841 2600 27,
851 2556 876 2586 n.
885 2555 898 2599 7
906 2539 930 2602 ),
940 2547 963 2586 et
973 2538 1055 2585 forsan
1063 2538 1090 2584 in
1098 2539 1164 2600 galea
1173 2537 1225 2596 ejus

155 2617 222 2682 (vide
235 2620 266 2666 ad
276 2624 315 2678 ΙΙ,
329 2623 353 2678 5,
367 2639 392 2670 ιι.
405 2620 435 2685 5)
447 2622 526 2685 spicas
538 2620 669 2678 decidium
712 2620 751 2667 vel
765 2631 836 2667 scuto
850 2634 1025 2683 expressarum.
1034 2644 1072 2681 1-
1082 2619 1112 2664 ln
1125 2616 1225 2679 quibus-

156 2699 240 2746 confer
247 2696 378 2757 XXVIII,
397 2717 441 2760 113
462 2701 541 2758 Plut.,
555 2701 628 2746 Oros.
645 2710 669 2747 et
714 2699 770 2746 dem
783 2700 887 2757 nocuis,
898 2709 923 2746 et
936 2699 1038 2745 fortasse
1050 2695 1136 2744 melius
1150 2712 1181 2742 ac
1192 2695 1225 2742 si·

155 2779 237 2825 Valer.
250 2779 311 2826 locis
324 2780 435 2828 laudatis.
448 2807 484 2816 -
500 2779 591 2826 Caelum
599 2778 670 2846 findi
713 2779 823 2826 mulacra
836 2779 915 2841 legere
928 2787 972 2824 est.
983 2777 1029 2822 En.

155 2858 272 2916 fulmine,
288 2869 316 2906 ut
329 2858 421 2915 scindi,
446 2858 568 2906 discedere
586 2857 668 2922 (apud
750 2859 789 2904 18.
799 2859 923 2920 eroeque
930 2855 993 2902 inter
999 2854 1097 2900 imbrem
1105 2851 1225 2909 cadentis,-

156 2937 208 2985 Cic.
221 2937 277 2983 Div.
294 2940 318 2994 1,
339 2938 370 2992 43
379 2935 403 3000 ),
424 2934 509 2994 dividi,
532 2937 613 3001 rumpi
623 2954 632 2984 :
644 2947 669 2984 et
712 2947 740 2984 ut
753 2947 778 2983 et
790 2936 871 2984 Julius
883 2932 976 2997 Obseq.
989 2934 1079 2999 tradit,
1094 2933 1122 2980 C.
1135 2932 1224 2988 Loelio,

157 3015 256 3080 quidem
277 3017 364 3062 calum
385 3016 510 3074 nubilum,
533 3032 584 3063 non
606 3032 669 3063 sere·
712 3018 740 3062 1..
748 3013 1006 3069 Domitioconsulibus,
1016 3011 1128 3059 Vulsiniis
1137 3027 1226 3057 novam

156 3111 228 3151 num,
247 3094 315 3158 quod
323 3096 405 3143 laetum
417 3106 468 3143 erat
478 3096 604 3158 augurium
613 3110 670 3158 pro·
693 3095 796 3142 *lunam
813 3093 941 3149 decidisse,
955 3105 979 3139 et
995 3108 1043 3138 non
1061 3090 1109 3137 nisi
1124 3100 1225 3151 postera

158 3174 311 3238 digiumque;
321 3174 380 3222 mad
388 3175 431 3222 Sil.
442 3175 533 3232 1‚135,
543 3191 568 3221 n.
575 3174 625 3221 535
631 3190 668 3236 sq.
713 3173 753 3220 die
762 3173 824 3220 ltora
834 3173 905 3219 tertia
916 3170 1086 3235 comparuisse.
1095 3167 1170 3215 Drak.
1178 3183 1226 3213 ma-

196 3255 235 3301 16.
253 3256 332 3301 Sortes
353 3271 400 3301 sua
422 3266 507 3318 sponte
528 3264 669 3301 attenuatas
713 3253 778 3301 lebet
795 3253 907 3315 Irmceque
923 3251 940 3297 i.
958 3251 974 3296 i.
993 3247 1119 3302 cadentis,
1139 3247 1224 3309 SIgon.

158 3331 234 3396 (vide
244 3332 276 3378 ad
289 3335 365 3391 XXI,
381 3335 427 3390 62,
445 3348 470 3379 n.
485 3333 532 3395 5),
547 3348 670 3396 unamque
714 3349 772 3381 vero
786 3344 810 3379 et
827 3331 919 3379 Stroth.
934 3331 1045 3392 lunaeque
1058 3327 1074 3373 i.
1088 3325 1105 3373 i.
1116 3325 1225 3373 canden-

159 3410 277 3458 excidissc
289 3411 354 3474 (vid.
362 3412 393 3459 ad
402 3414 480 3469 XXI,
490 3420 536 3469 42,
547 3429 571 3457 n.
581 3411 624 3474 a),
633 3410 669 3458 ita
714 3411 757 3468 tis,
769 3411 796 3458 id
807 3421 857 3468 est,
871 3409 1030 3474 splendentis.

102 3510 104 3516 ·
158 3490 285 3554 scrt'ptam,
300 3499 361 3548 etc.;
374 3490 415 3537 sed
428 3490 491 3536 Plut.
501 3490 558 3537 loco
571 3489 669 3536 laudato
752 3507 791 3553 19.
807 3488 912 3551 Consul(
920 3484 1053 3551 Servilius)
1067 3486 1098 3532 de
1111 3485 1227 3550 religione

158 3572 247 3630 tradit,
268 3573 309 3621 τοῦ
333 3568 392 3638 ὑπὲρ
415 3567 543 3636 Φαλερίους
571 3570 668 3637 οὐρανοῦ
714 3573 800 3617 Patres
810 3568 945 3625 consuluit,
961 3567 991 3615 de
999 3564 1174 3631 procuratione
1184 3564 1226 3611 ho·
1280 3633 1283 3638 ‚

159 3650 261 3718 ῥαγῆναι
270 3644 402 3710 δόξαντος,
416 3634 543 3700 illicimur
556 3645 597 3698 καὶ
612 3643 669 3698 dte·
714 3667 767 3697 rum
776 3648 954 3713 prodigiorum.
967 3647 1173 3704 ef.ad1,20,n.
1186 3658 1225 3690 ¹1.

159 3727 300 3795 σπείρεσθαι
324 3731 403 3781 πολλὰ
426 3730 600 3797 γραμματεῖα,
628 3727 669 3778 καὶ
749 3745 791 3777 20.
803 3728 898 3774 Partim
909 3726 1041 3791 majoribus
1053 3722 1148 3777 hostiis,
1170 3737 1226 3783 quae

159 3806 251 3856 τούτων
265 3808 298 3858 ἑνὶ
310 3810 476 3878 γεγραμμένον
489 3813 592 3875 φανῆναι
603 3805 670 3858 κατὰ
713 3825 765 3857 non
777 3807 881 3871 amplius
891 3817 1016 3863 crescunt,
1030 3802 1124 3869 partim
1137 3801 1228 3847 lacten-

162 3883 237 3944 liin·
259 3875 323 3954 alenc
340 3886 373 3937 τὰ
384 3890 470 3939 ἑαυτοῦ
485 3886 550 3938 ὅπλα
565 3887 669 3939 σαλεύει.
715 3888 788 3943 tibus,
805 3898 831 3933 ut
840 3888 953 3943 XXVII,
972 3893 1000 3943 4,
1014 3894 1037 3930 et
1047 3882 1187 3939 XXXVII,
1201 3881 1226 3928 3.

162 3964 253 4011 Confer
271 3966 302 4012 ad
314 3968 394 4025 XXI,
408 3969 457 4027 62,
474 3985 501 4015 n.
515 3968 543 4025 5,
559 3980 583 4016 et
595 3969 670 4016 Periz.
714 3994 750 4004 —
767 3965 916 4029 Supplicatio
930 3964 967 4010 ad
978 3959 1061 4010 omnia
1069 3959 1228 4026 pulvinaria,-

161 4042 235 4089 enim.
246 4043 304 4091 hist.
317 4061 371 4108 cap.
387 4062 416 4108 9,
426 4062 482 4110 pag.
497 4048 555 4094 380.
715 4043 814 4092 vidend
825 4046 901 4101 XXI,
914 4043 995 4114 6²',¹¹·
1010 4056 1050 4088 12.
