2782 4568
174 313 246 410 476
568 314 834 381 excussus

173 452 266 529 runt,
279 457 393 525 parum
408 448 556 497 curantes
573 450 684 497 utrum
701 434 818 521 scripta
834 430 931 494 rebus
948 430 1207 510 convenirent,
1225 453 1267 492 an

173 550 403 626 repugnarent.

216 638 351 702 Plurimi
366 634 497 723 quidem
512 650 586 699 ante
599 635 725 723 Polybii
740 651 885 721 tempora
898 631 1159 721 expeditionem
1179 633 1267 695 Han-

173 738 288 803 nibalis
301 738 443 801 historiae
455 735 666 800 mandarunt:
680 758 822 823 quorum
836 756 933 822 opera
943 733 1110 820 pleraque
1125 748 1264 820 tempus

173 856 205 904 et
217 838 379 902 barbaries
393 837 544 917 abolevit,
564 853 595 900 et
610 836 687 924 ipsis
706 835 894 898 nominibus
910 835 961 896 vix
979 854 1017 896 ac
1034 856 1079 895 ne
1100 835 1164 896 vix
1185 834 1263 920 qui-

172 937 247 1002 dem
270 937 423 1026 pepercit.
448 938 516 999 Hos
540 937 624 998 inter
651 935 870 999 numerandus
894 951 942 998 est
965 934 1093 998 Fabius
1122 935 1260 1016 Pictor,

169 1041 235 1120 jam
259 1039 362 1103 factus
385 1061 482 1102 senex
492 1054 508 1118 ,¹
523 1060 624 1124 quum
647 1038 769 1100 bellurn
792 1037 924 1118 exarsit3
948 1034 1101 1117 Silenus,
1122 1035 1170 1098 de
1190 1061 1261 1123 quo

170 1164 272 1230 pauca
282 1142 315 1203 in
325 1141 390 1204 vita
403 1139 605 1220 Hannibalis,
620 1138 756 1226 eap.13,
772 1138 939 1201 Cornelius
949 1136 1083 1223 Nepos,
1102 1153 1140 1200 et
1149 1160 1259 1224 pauca

171 1241 266 1306 etiam
279 1240 420 1321 Tullius,
441 1238 482 1304 de
498 1240 721 1320 Divinatione,
744 1241 779 1320 I,
806 1243 863 1319 24,
884 1238 1190 1302 commemoravit:
1217 1240 1256 1302 iis

170 1342 395 1432 adjungendus
412 1358 460 1405 est
471 1341 592 1405 Sosilus
606 1340 886 1421 Lacedaemonius,
900 1361 996 1428 quem
1012 1339 1123 1402 Poeno
1139 1340 1254 1403 litera·

171 1466 245 1507 rum
271 1466 445 1532 graecarum
472 1443 661 1531 magistrum
683 1442 799 1523 fuisse,
825 1442 991 1529 multaque
1014 1440 1056 1503 de
1080 1443 1187 1506 rebus
1211 1443 1253 1505 ab

171 1545 351 1610 Hannibale
372 1544 467 1633 gestis
487 1544 662 1632 scripsisse,
682 1566 772 1632 aeque
796 1566 832 1607 ae
852 1544 1012 1624 Silenum,
1035 1560 1151 1607 narrat
1172 1546 1250 1609 loco

171 1669 268 1734 supra
283 1645 379 1708 citato
392 1645 575 1709 Cornelius:
586 1661 657 1709 turn
674 1647 792 1709 Lucius
806 1645 934 1709 Cincius
947 1645 1137 1708 Alimentus
1154 1646 1191 1708 in
1205 1647 1251 1709 Si-

171 1745 242 1808 cilia
254 1761 385 1833 praetor,
397 1745 573 1832 juniorque
586 1746 626 1809 ab
637 1746 817 1811 Hannibale
830 1763 953 1834 captus.
967 1746 1090 1809 Lucius
1106 1745 1246 1810 demum

171 1845 287 1909 Coelius
295 1845 475 1932 Antipater,
484 1845 534 1908 vir
544 1845 695 1909 Gracchis
705 1869 845 1929 coaevus,
855 1847 1084 1934 veteribusque
1099 1849 1246 1911 multum

169 1943 328 2031 laudatus.
349 1945 416 2026 Qui
437 1969 539 2033 quum
561 1947 662 2015 totius
683 1946 816 2010 secundi
836 1948 912 2010 belli
934 1947 1046 2036 punici
1067 1948 1244 2012 historiam

170 2046 365 2128 ornavisset,
385 2070 401 2110 a
420 2047 510 2110 Livio
527 2048 641 2134 saepius
660 2048 694 2110 in
713 2049 777 2111 hoc
797 2050 877 2111 XXI
894 2049 978 2112 libro
994 2049 1086 2112 testis
1106 2049 1245 2112 adhibe·

171 2163 242 2212 tur:
259 2149 293 2210 in
307 2149 375 2228 ejus
387 2173 485 2236 opere
496 2149 635 2230 Tullius,
652 2149 740 2212 Orat.
751 2151 799 2231 ll,
816 2149 872 2231 54,
888 2173 989 2237 quum
1001 2171 1123 2237 parum
1140 2151 1243 2239 polita

170 2249 317 2339 quaedam
330 2248 561 2338 reprehendat,
576 2251 639 2314 hoc
657 2268 764 2314 tamen
781 2251 905 2333 laudat,
917 2250 1007 2339 quod
1018 2251 1194 2338 paululum
1210 2276 1242 2316 se

170 2352 321 2433 erexerit,
340 2353 547 2440 historiaeque
564 2351 721 2416 addiderit
739 2353 892 2431 majorem
910 2353 996 2416 vocis
1014 2374 1149 2416 sonum.
1178 2428 1192 2433 ..

212 2453 256 2515 Iis
267 2452 368 2516 fretus
377 2453 575 2534 auctoribus,
586 2454 740 2541 Polybius
748 2454 936 2517 Hannibalis
945 2455 1240 2542 Romanorumque

168 2553 202 2616 in
224 2553 367 2617 secundo
384 2554 469 2617 bello
487 2553 608 2641 punico
625 2570 713 2642 gesta
734 2555 911 2636 ordinavit3
938 2577 1052 2617 verum
1074 2555 1239 2644 quidquid

169 2655 215 2717 illi
224 2654 448 2741 perhibebant,
459 2653 548 2716 haud
559 2654 681 2718 facilius
693 2654 931 2718 admittendum
942 2670 1041 2735 ratus,
1053 2656 1168 2718 omnia
1181 2678 1240 2743 per

168 2777 203 2820 se
219 2754 417 2819 observanda
433 2757 523 2844 prius
536 2755 699 2836 judicavit.
721 2757 851 2844 Quippe
870 2780 973 2845 quum
991 2755 1238 2820 animadvertis·

170 2871 219 2919 set
233 2856 282 2919 vir
298 2855 413 2921 doctus
430 2873 462 2921 et
484 2858 610 2945 sapiens
628 2858 821 2947 longinquas
837 2858 985 2946 regiones
1005 2873 1087 2920 tunc
1105 2874 1235 2945 tempo·

168 2956 212 3020 ris
236 2957 318 3020 nulli
343 2957 427 3022 bene
450 2974 542 3021 notas
568 2959 757 3046 ingentique
782 2959 989 3023 tenebrarum
1009 2975 1112 3034 ‘nocte
1138 2960 1236 3023 invo-

167 3059 251 3122 lutas
266 3058 431 3149 refugere,
454 3076 486 3123 et
505 3060 589 3123 sicut
606 3076 811 3147 temporum,
837 3061 879 3123 ita
902 3061 1048 3123 locorum
1065 3061 1237 3125 intervalla

168 3157 285 3223 fabulis
312 3182 381 3223 esse
403 3160 543 3223 obnoxia
568 3161 733 3243 sensisset,
752 3175 851 3223 terras
876 3162 945 3248 ipse
964 3183 1152 3250 peragrare,
1179 3165 1236 3228 ubi

169 3276 264 3349 gestae
281 3283 331 3324 res
354 3261 578 3324 memorabiles
600 3277 705 3342 erant,
726 3284 837 3349 agros,
854 3261 1000 3343 flumina,
1020 3279 1153 3327 montes
1174 3287 1236 3328 no·

168 3378 252 3442 tare,
268 3362 409 3425 civitates
421 3362 572 3444 invisere,
585 3385 691 3426 mores
704 3361 876 3425 hominum
891 3384 1038 3442 noscere,
1048 3362 1236 3427 incolarum

169 3463 397 3550 experientiam
421 3463 582 3551 praecipue
606 3463 770 3528 seniorum
797 3463 888 3525 lucro
911 3474 1074 3550 apponere
1100 3467 1236 3547 statuit,

169 3586 236 3652 quo
258 3564 383 3627 meliori
404 3563 467 3627 fide
487 3564 623 3627 incertas
639 3563 803 3627 annalium
824 3563 993 3626 relationes
1012 3561 1236 3628 confirmaret.

171 3650 376 3755 Quapropter
392 3666 490 3753 Alpes
508 3666 652 3750 transiit,
677 3664 828 3747 Galliam,
847 3665 1048 3752 Iberiamque
1062 3663 1236 3748 lustravit,

168 3767 249 3829 mari
267 3767 361 3831 etiam
379 3766 539 3831 Atlantico
558 3789 591 3830 se
611 3769 788 3848 commisit,
814 3782 920 3829 certus
938 3765 1047 3828 labore
1065 3779 1099 3826 et
1115 3765 1237 3854 vigiliis

142 3955 144 3958 y
157 3891 353 3957 'comparare
364 3870 539 3933 scientiam.
552 3868 677 3934 Deinde
687 3869 801 3933 reduci
812 3868 913 3930 libros
924 3865 1111 3946 Consuales,
1125 3869 1235 3953 quiin

168 3967 252 4032 lovis
271 3973 391 4059 templo
405 3973 659 4055 asservabantur,
672 3971 790 4038 deferri
804 3970 899 4050 jussit
910 3969 945 4035 P.
960 3967 1086 4032 Cornel.
1103 3967 1236 4060 Scipio,

1373 452 1376 528 l
1390 462 1391 525 ζ
