2782 4568
157 340 229 420 410
582 332 621 398 r.
655 332 792 400 mvn
1067 306 1201 412 atat:

155 457 212 526 sit.
233 454 429 541 Consules,
449 450 639 525 Marcellus
656 466 772 540 retro,
793 449 892 521 unde
907 463 1070 538 venerat,
1090 452 1227 526 Nolam

154 567 264 653 redit3
284 564 414 637 Fabius
432 565 469 633 iu
489 564 673 634 Samnium
691 562 738 633 ad
755 559 984 659 populandos
1005 585 1112 659 agros
1127 566 1226 636 reci-

156 676 377 774 piendasque
400 677 524 764 armis,
547 699 627 771 quae
649 673 870 761 defecerant,
898 671 1008 744 urbes
1030 677 1224 770 processit.

156 787 342 858 Caudinus
373 787 512 857 Samnis
546 786 688 882 gravius
720 785 955 873 devastatus,
977 789 1115 883 perusti
1151 788 1226 860 late

155 898 248 993 agri,
269 894 398 994 praedae
414 896 597 993 pecudum
617 895 882 993 hominumque
902 910 1000 966 actae.
1021 897 1169 994 Oppida
1189 901 1227 981 vi

155 1021 275 1105 capta,
291 1006 551 1104 Compulteria,
566 1007 720 1096 Telesia,
740 1010 912 1104 Compsa,
931 1006 1050 1093 Melae,
1070 1005 1225 1079 Fulfulae

155 1133 192 1189 et
210 1117 450 1200 Orbitanium.
472 1122 525 1187 Ex
542 1119 695 1188 Lucanis
712 1117 856 1188 Blandae
877 1143 885 1185 :
909 1118 1113 1213 Apulorum
1131 1121 1226 1188 AEcae

156 1239 412 1327 oppugnatae’.
439 1229 551 1299 Millia
580 1229 738 1301 hostium
764 1230 803 1298 in
832 1226 888 1298 his
912 1226 1067 1299 urbibus
1093 1229 1226 1324 viginti
1314 1269 1317 1279 ·

155 1341 320 1436 quinque
338 1355 441 1437 capta
455 1355 518 1410 aut
532 1340 668 1426 occisa}
682 1353 718 1410 et
735 1340 874 1436 recepti
891 1337 1050 1436 perfugae
1067 1339 1226 1411 trecenti

155 1452 381 1548 septuaginta
411 1478 419 1520 :
447 1476 542 1547 quos
570 1474 683 1547 quum
712 1455 864 1520 Romam
888 1449 1041 1519 misisset
1067 1449 1225 1538 consul,

155 1563 262 1658 virgis
286 1563 324 1632 in
347 1564 494 1632 comitio
517 1557 617 1632 caasi³
640 1584 786 1649 omnes,
812 1585 853 1630 ac
877 1559 922 1630 de
945 1561 1055 1630 saxol
1076 1558 1224 1654 dejecti.

157 1678 239 1743 Haec
265 1699 286 1743 a
312 1675 355 1762 Q.
377 1673 487 1743 Fabio
510 1673 605 1742 intra
625 1695 761 1769 paucos
781 1670 857 1742 dies
879 1685 988 1768 gesta.
1008 1670 1226 1743 Marcellum

155 1782 201 1853 ab
223 1784 395 1879 gerundis
415 1782 526 1853 rebus
540 1782 710 1852 valetudo
733 1781 881 1852 adversa
899 1782 999 1855 Nolae
1020 1782 1153 1854 tenuit.
1180 1785 1226 1852 Et

156 1915 177 1961 a
204 1906 356 1988 praetore
383 1896 426 1982 Q.
454 1889 581 1979 Fabin,
610 1893 669 1962 cui
699 1893 793 1962 circa
817 1893 1004 1963 Luceriam
1032 1892 1227 1988 provincia

156 2015 248 2089 erat,
275 2004 393 2071 Accua
416 2001 592 2098 oppidum
617 2025 681 2098 per
701 2026 762 2072 eos
787 2001 863 2073 dies
878 2002 915 2072 vi
934 2016 1101 2099 captum3
1121 2003 1225 2074 stati-

154 2136 271 2208 vaque
287 2112 332 2182 ad
347 2109 556 2182 Ardoneas⁵
574 2113 808 2182 communita.
832 2118 929 2184 Dum
944 2112 1020 2183 haec
1038 2111 1115 2181 aliis
1133 2111 1224 2183 locis

102 2244 106 2257 ·
154 2221 199 2292 ab
232 2224 403 2293 Romanis
438 2237 639 2319 geruntur,
667 2223 742 2317 jam
775 2229 972 2294 Tarentum
1003 2237 1225 2319 pervenerat

87 2352 91 2359 ·
156 2335 354 2423 Hannibal,
376 2360 459 2405 cum
479 2334 634 2404 maxima
655 2335 835 2421 omnium,
860 2359 1090 2430 quacumque
1112 2334 1223 2422 ierat,

156 2441 257 2512 clade
279 2469 286 2511 :
307 2445 345 2512 in
369 2447 549 2515 tarentino
576 2445 725 2514 demum
749 2468 834 2538 agro
859 2459 1024 2540 pacatum
1050 2443 1224 2515 incedere

156 2577 284 2648 agmen
299 2555 417 2650 coepit.
433 2554 530 2626 Nihil
546 2553 597 2623 ibi
613 2553 803 2640 violatum,
822 2579 943 2650 neque
958 2577 1113 2649 usquam
1127 2553 1225 2622 viam

156 2687 340 2733 excessum
362 2659 449 2750 est⁶;
468 2663 750 2761 apparebatque,
774 2661 848 2734 non
870 2663 908 2733 id
926 2664 1102 2734 modestia
1125 2661 1233 2732 mili-.

155 2784 234 2840 tum
261 2787 322 2841 aut
352 2773 469 2861 ducis,
501 2776 571 2844 nisi
598 2775 644 2844 ad
674 2774 916 2845 conciliandos
941 2774 1224 2844 Tarentinorum

157 2881 318 2970 animos,
350 2881 440 2953 fieri.
477 2889 657 2955 Caeterum
694 2910 809 2980 quum
844 2884 1072 2982 propemodo
1106 2884 1225 2954 muris

157 2993 387 3082 accessisset,
409 2994 512 3065 nullo
534 2995 580 3065 ad
600 3010 838 3093 conspectum
857 2996 962 3092 primi
984 2993 1155 3090 agminis,
1181 3007 1226 3063 ut

191 3223 215 3254 2.
224 3209 360 3270 Apulorum
367 3208 435 3255 AEcoe
445 3219 605 3273 oppuguatee;
613 3207 664 3255 vid.
709 3206 804 3253 diversa
813 3217 896 3270 parte,
910 3205 1002 3253 Stroth.
1012 3203 1068 3250 aliis
1078 3215 1156 3266 atque
1166 3203 1226 3251 aliis

78 3274 81 3282 ’
157 3286 286 3342 adXXII‚
304 3302 347 3345 12,
358 3303 383 3332 n.
395 3289 418 3333 3.
709 3284 783 3341 Iocis,
800 3283 848 3332 hoc
868 3296 916 3342 est,
933 3283 1051 3339 dirersis,
1073 3293 1100 3328 ut
1113 3284 1161 3341 VI,
1178 3297 1225 3344 123

193 3366 216 3411 3.
236 3365 314 3429 Virgis
328 3364 353 3410 in
366 3364 463 3412 comitio
476 3364 550 3422 coesi3
563 3365 620 3413 vide
634 3364 666 3412 ad
708 3365 823 3422 XXVII,
843 3364 889 3422 253
907 3364 1037 3418 XXVIII,
1059 3360 1090 3407 35
1098 3376 1106 3419 3
1125 3363 1227 3420 XXX,

156 3445 183 3500 1,
197 3444 245 3500 36,
259 3460 284 3490 n.
299 3444 324 3489 6.
709 3444 756 3501 28,
769 3454 793 3489 et
806 3443 850 3501 al.,
865 3443 930 3502 conj.
941 3444 994 3489 Jac.
1005 3442 1083 3487 Gron.
1101 3467 1139 3474 -
1156 3441 1228 3502 Qua·

191 3529 214 3577 4.
236 3525 273 3569 De
285 3538 348 3576 saxo
362 3520 463 3586 deseca,
479 3522 531 3569 scil.
545 3523 663 3586 Tarpei03
708 3537 810 3584 curaque
820 3531 896 3584 parte.

155 3600 254 3648 vidend
267 3602 319 3659 VI,
334 3616 379 3658 no,
392 3616 417 3646 n.
431 3613 470 3647 11.
744 3601 768 3648 6.
782 3599 853 3646 Viam
862 3614 984 3645 excessum
997 3609 1046 3645 est:
1058 3598 1086 3644 in
1096 3597 1156 3647 edd.
1167 3611 1229 3648 ante

191 3681 215 3727 5.
233 3679 374 3743 Statimque
388 3678 425 3725 ad
440 3679 583 3737 Ardoneas,
603 3695 662 3744 opp.
707 3678 854 3735 Drak.via;
867 3677 946 3724 sedin
956 3676 1077 3725 MSSvim
1086 3676 1128 3723 vel
1136 3677 1229 3736 viam

155 3759 316 3823 Hirpinorum
327 3759 365 3806 vel
377 3758 485 3821 Apuliae,
505 3757 571 3805 idem
587 3759 663 3818 forte,
707 3757 801 3804 videad
810 3760 849 3815 II,
861 3759 902 3817 37,
913 3773 938 3804 n.
946 3756 969 3802 5.
979 3757 1041 3802 Mox
1048 3755 1096 3801 nisi
1106 3772 1156 3820 pro
1165 3758 1227 3815 scd,

155 3838 222 3900 quod
235 3841 352 3895 XXVII,
364 3853 391 3895 x,
402 3854 431 3896 a,
441 3837 585 3894 Herdonea,
597 3850 621 3886 et
630 3855 664 3886 re·
707 3849 735 3885 ut
744 3836 847 3901 passim,
857 3852 931 3899 praec.
942 3851 991 3881 non
1002 3834 1042 3881 vel
1056 3834 1120 3882 stitit
1131 3835 1171 3883 vel
1183 3853 1231 3884 ne-

154 3916 218 3963 etius
224 3919 308 3978 XXV,
317 3934 359 3976 21,
366 3916 493 3964 Herdonia
504 3917 607 3974 dicitur,
618 3917 663 3964 ho·
707 3916 766 3973 scio,
775 3927 821 3963 eto.
830 3916 868 3964 Cf.
877 3916 990 3963 Drak.-
999 3916 1064 3962 stur.
1072 3916 1229 3967 accessisset.

156 3995 196 4042 die
209 3996 313 4043 Ardone
317 4015 328 4052 ,·
346 3997 401 4044 vide
415 3997 447 4044 ad
460 3997 502 4044 Sil.
512 3998 590 4055 VIII,
604 3997 662 4059 567.
708 3995 822 4044 Creverio
837 3995 913 4058 magis
931 3996 1037 4059 placeret
1051 3996 1231 4046 successisset:

155 4073 218 4121 Aliis
228 4073 300 4130 locis,
312 4075 437 4138 aliaatque
448 4076 544 4139 longer
556 4077 662 4123 Tarento
708 4074 779 4134 cnjus
792 4074 861 4122 verbi
873 4075 950 4134 major
961 4074 998 4121 vis
1008 4084 1052 4121 est.
1066 4075 1112 4121 Eo.
