2782 4568
164 317 210 399 il

599 319 636 382 Τ.
662 317 798 386 LIVII

1078 293 1135 335 XC.
1152 298 1197 335 218.

1077 356 1137 395 U.C.
1152 359 1198 404 534.

164 434 425 532 byphoenices²
448 435 628 530 (mixtum
653 440 829 533 punicum
851 435 944 508 Afris
969 438 1109 534 genus)
1133 463 1223 534 qua-

163 547 343 643 dringenti
359 561 394 617 et
409 548 689 643 quinquaginta,
706 546 869 618 Numidae
889 549 1079 643 Maurique
1095 548 1223 618 accolae

164 659 297 727 Oceani
316 655 361 726 ad
379 656 478 726 mille
499 658 746 752 octingentos,
767 671 802 726 et
820 681 929 753 parva
944 657 1136 753 Ilergetum
1150 681 1224 726 ma-

163 763 256 836 nus³
274 791 317 836 ex
335 767 521 862 Hispania,
536 765 684 835 ducenti
702 767 860 861 equites,
879 781 931 853 et,
945 791 991 835 ne
1006 766 1095 861 quid
1113 782 1223 836 terre·

112 953 115 965 .
162 877 244 946 stris
267 875 406 947 deesset
429 876 550 946 auxilii
574 900 705 972 genus,
732 875 915 972 elephanti
938 875 1222 971 quatuordecim.

162 972 289 1056 Classis
316 1001 487 1081 praeterea
511 983 592 1054 data
615 984 660 1055 ad
689 983 862 1054 tuendam
886 985 1100 1053 maritimam
1122 1009 1224 1054 oram

161 1096 287 1191 (quia,
309 1119 381 1191 qua
398 1109 498 1190 parte
516 1092 602 1164 belli
616 1095 774 1164 vicerant
786 1095 812 1183 4,
833 1093 874 1164 ea
892 1108 971 1163 tum
985 1118 1133 1189 quoque
1146 1120 1223 1165 rem

161 1220 325 1302 gesturos
339 1211 537 1293 RomanOS,
553 1206 651 1275 credi
664 1203 834 1301 poterat),
850 1206 1113 1302 quinquaginta
1126 1211 1225 1301 quin·

80 1386 85 1392 ,
159 1339 369 1410 queremes,
389 1314 636 1410 quadriremes
655 1314 752 1403 duae,
775 1317 938 1386 triremes
956 1318 1119 1412 quinque
1135 1344 1143 1384 ε
1161 1318 1223 1387 sed

156 1441 249 1521 aptae
265 1426 520 1521 instructaeque
542 1425 692 1520 remigio
710 1427 857 1523 triginta
878 1441 913 1496 et
939 1427 1018 1496 duae
1040 1428 1222 1522 quinque-

194 1628 219 1658 υ.
233 1611 321 1659 Additi
334 1611 423 1675 equites
437 1611 669 1674 Libyploenices....

161 1689 259 1738 000οΙ
269 1709 279 1748 ,·
298 1691 364 1738 hunc
382 1707 510 1738 numerum
530 1706 562 1737 ex
581 1689 669 1753 Polyb.

159 1769 289 1828 111,33,a
300 1785 349 1832 quo
359 1769 439 1816 omnis
448 1769 670 1833 harameopiarum

159 1847 269 1895 recensio
279 1862 418 1909 summaque
429 1847 556 1910 desumpta
564 1859 600 1894 est
608 1882 615 1905 ,
623 1863 670 1912 pro

160 1927 227 1989 vulg.
240 1924 299 1972 000
306 1936 330 1971 et
338 1924 467 1991 substitui,
482 1937 581 1973 auctore
592 1928 670 1975 Gron.

159 2005 204 2068 qui
215 2004 278 2051 bene
290 2015 375 2052 monet
390 2004 455 2051 ccccl
465 2004 492 2051 in
505 2019 546 2050 ccc
560 2016 584 2051 et
594 2016 671 2052 trans·

159 2085 228 2143 iisse,
246 2094 270 2132 et
289 2084 316 2130 in
335 2083 480 2147 quibusdam
492 2085 555 2131 MSS
571 2083 671 2147 reperiri

160 2164 251 2212 CCCC.
273 2165 311 2210 Ex
330 2161 417 2210 eodem
437 2161 527 2226 Polyb.
545 2177 604 2209 mox
622 2163 669 2225 leg.

159 2241 283 2305 elephanti
297 2243 367 2288 XXI.
383 2241 465 2289 Africa
484 2241 549 2289 inter
567 2252 671 2304 quatuor

159 2321 266 2384 populos
275 2332 326 2368 erat
335 2320 426 2380 divisa,
436 2324 523 2368 Poenos
527 2356 535 2378 ,
548 2319 672 2383 Libyphoe-

157 2399 222 2446 nicer
233 2397 292 2463 (qui
302 2400 434 2464 Byzacium
444 2410 469 2447 et
480 2398 611 2447 maritimas
625 2399 669 2446 ob·

157 2477 269 2525 tinebant
275 2477 360 2533 urbes3
369 2478 400 2523 cf.
410 2476 507 2536 Plin.V‚
515 2485 531 2532 4
538 2512 546 2536 ,
553 2488 577 2524 et
587 2477 667 2524 Strab.

157 2556 233 2603 XVII
241 2591 248 2614 ,
256 2571 312 2620 pag.
322 2553 395 2618 835),
407 2556 495 2612 Afros,
504 2572 548 2602 scu
556 2556 667 2612 Mauros,

159 2643 184 2680 et
190 2633 320 2680 Numidas.
327 2632 431 2679 Diodcr.
440 2635 504 2690 XX,
513 2634 528 2681 5
531 2633 546 2680 5
554 2663 560 2687 ‚
575 2634 667 2685 τέττα·

158 2729 189 2779 ρα
203 2710 246 2765 την
258 2707 349 2764 Atisim
362 2705 469 2779 διείληφε
479 2711 551 2780 γίνη,
561 2712 667 2773 Φοινίκες

158 2790 222 2858 μὲν,
244 2791 264 2840 οἱ
284 2789 328 2844 τὴν
347 2785 498 2857 Καρχηδόνα
515 2798 572 2842 τότε
588 2811 670 2845 aaru-

157 2873 264 2927 νοοῦντες·
273 2866 436 2936 Λιὲυφοίνυιες
448 2865 490 2926 δὲ,
501 2870 592 2930 πολλας
605 2873 669 2938 ἔχον-

156 2967 197 3007 τες
216 2947 296 3007 πόλεις
311 2949 511 3010 ἐπιθαλαττίους,
528 2949 570 3001 καὶ
589 2970 669 3002 κοινω-

155 3031 251 3085 νοῦντες
265 3029 315 3086 τοῖς
329 3023 506 3097 Καρχηδονίοις
519 3029 667 3098 ἐπιγαμίας,

157 3098 190 3166 οἷς
212 3105 260 3158 ἀπὸ
278 3110 321 3165 τῆς
342 3109 561 3177 συμπεπλεγμένης
583 3128 668 3178 συγγι·

156 3187 221 3245 ναίοις
236 3183 324 3241 ousiis
336 3189 416 3253 τυχεῖν
431 3188 522 3247 ταύτης
535 3194 579 3247 τῆς
593 3208 667 3258 προσ-

155 3265 269 3334 ηγορίας,
284 3279 331 3317 etc.

192 3346 215 3392 3.
228 3347 310 3392 Parva
323 3345 454 3410 Ilergetum
471 3363 557 3393 ananus
572 3362 605 3394 ex
621 3348 665 3393 Hi-

155 3424 262 3486 spania;
278 3425 362 3471 confer
378 3425 467 3488 Polyb.
486 3428 538 3482 ΙΙΙ,
559 3427 606 3484 333
622 3425 666 3472 ubi

91 3494 95 3501 ’
155 3501 290 3565 Schweigh.
300 3502 353 3550 haec
366 3503 462 3550 notavit
474 3518 480 3550 :
494 3525 506 3544 α
516 3504 608 3550 Mirum
618 3504 666 3550 uti-

155 3597 202 3643 que
213 3580 286 3627 debet
300 3580 392 3640 videri,
406 3581 449 3643 qui
460 3579 516 3639 fiat,
534 3593 561 3628 ut
573 3581 668 3628 medios

154 3659 219 3705 inter
232 3657 325 3722 Ajiicoe
334 3659 454 3722 populos,
469 3675 482 3706 e
499 3659 588 3722 quibus
599 3660 667 3722 equi-

154 3747 191 3782 tes
208 3735 287 3782 relicti
303 3737 467 3795 Hasdrubali,
482 3753 531 3784 uua
547 3754 605 3800 gens
622 3738 667 3785 Hi·

153 3813 257 3881 spanica
268 3827 429 3874 memoretur,
445 3827 469 3863 et
488 3816 587 3880 quidem
602 3829 667 3864 trans

155 3891 253 3939 Iberum
269 3890 345 3953 (inter
358 3895 455 3942 Iberum
470 3906 494 3942 et
507 3895 668 3959 Pyrenaeum)

156 3969 277 4027 incolens,
284 3980 417 4034 posteaque
427 3974 523 4019 demum
530 3974 629 4020 subacta
637 3973 668 4019 ab

157 4048 294 4103 Hannibale
303 4048 337 4114 (ν.
349 4051 436 4116 Polyb.
451 4053 502 4111 Ill,
518 4052 567 4112 st,
581 4063 604 4099 et
616 4051 668 4098 Liv.

712 1614 776 1659 XXI
785 1647 792 1671 ,
801 1611 859 1677 ηδ),
869 1615 1004 1677 praesertim
1015 1631 1090 1677 quum
1100 1624 1223 1661 consenta-

712 1707 786 1738 neum
795 1692 834 1750 sit,
841 1692 957 1755 hispanos
966 1693 1059 1755 equites
1068 1693 1149 1756 plures
1158 1709 1223 1750 sane,

714 1786 786 1832 quam
799 1771 854 1827 CC,
865 1770 904 1817 vel
916 1771 994 1827 CCC,
1007 1769 1052 1816 sub
1065 1771 1224 1817 Hasdrubalis

713 1848 816 1911 imperIo
840 1849 913 1894 fuisse
938 1847 1042 1894 relictos.
1072 1848 1137 1892 Hinc
1158 1848 1223 1910 apud

714 1926 802 1991 Polyb.
816 1942 862 1989 pro
872 1915 1019 1994 Ιλεργητῶν,
1031 1941 1093 1987 quos
1110 1942 1141 1972 ex
1152 1926 1223 1973 Livio

714 2006 844 2062 substitui,
863 2020 877 2052 e
895 2007 957 2052 MSS
975 2009 1104 2073 Λεργητῑον
1126 2004 1223 2051 restitu-

715 2097 766 2132 tum
779 2085 867 2143 velim,
879 2085 923 2131 etsi
933 2084 1055 2148 populum
1063 2084 1135 2144 hujus
1143 2085 1223 2130 nomi-

714 2165 753 2210 nis
765 2164 791 2210 in
800 2163 882 2210 Africa
891 2164 953 2210 nulli
961 2163 1003 2210 alii
1011 2163 1127 2226 scriptori
1135 2179 1224 2210 memo

715 2254 793 2290 ratum
804 2243 871 2289 novi.
890 2243 987 2298 Livius,
1000 2259 1074 2306 quum
1084 2242 1223 2310 Λεργητὼν,

715 2334 757 2369 aut
770 2321 836 2368 aliud
848 2320 988 2382 hujusmodi
1001 2337 1105 2379 nomen,
1118 2338 1168 2384 quo
1183 2322 1222 2368 Li-

713 2401 769 2464 byae
777 2400 884 2463 populus
893 2399 980 2463 aliquis
990 2399 1173 2462 designabatur,
1182 2415 1220 2464 ap.

713 2478 802 2543 Polyb.
809 2479 921 2540 legisset,
932 2494 1060 2542 perperam
1068 2479 1145 2536 forte,
1156 2477 1223 2523 simi·

712 2556 816 2625 litudine
839 2557 944 2604 nominis
966 2558 1095 2622 deceptus,
1115 2557 1146 2603 de
1165 2556 1222 2604 satis

712 2647 773 2683 noto
795 2635 904 2698 alioquin
923 2636 1047 2700 Hispaniae
1067 2634 1160 2699 populo
1172 2650 1222 2689 ¹ca·

713 2715 807 2779 giravit.
820 2738 832 2756 n
854 2718 945 2762 Forsan
963 2715 1081 2778 Polybius
1106 2713 1221 2776 scripsit:

712 2799 841 2863 Νιγριτῶν.
862 2817 900 2825 -
920 2793 1024 2865 Duceuti
1037 2792 1140 2856 equites,
1159 2793 1222 2840 forte

713 2873 812 2921 trecenti
823 2889 854 2920 ex
866 2872 955 2936 Polyb.
968 2898 1002 2906 -
1017 2870 1149 2934 Elephanti
1161 2887 1222 2933 qua·

713 2952 853 3000 tuordecim.
867 2951 942 3014 Apud
956 2949 1045 3013 Polyb.
1060 2952 1110 3006 ΙΙΙ,
1124 2951 1172 3006 33,
1186 2950 1222 2996 in·

712 3033 795 3080 venies
820 3029 950 3097 ileqcistott
977 3027 1050 3078 εἴκοσι
1080 3028 1122 3076 καὶ
1153 3028 1196 3077 ἕνα
1212 3039 1221 3087 3

711 3111 776 3158 unde
790 3108 919 3172 Sigonius,
933 3117 1018 3152 contra
1032 3121 1116 3152 omnes
1128 3105 1221 3164 libros,

711 3188 840 3252 legendum
848 3188 913 3234 XXI
923 3185 1067 3248 suspicatur.
1078 3184 1124 3231 Ed.

747 3273 771 3322 4.
786 3269 841 3329 Qua
851 3275 925 3330 parte
939 3263 994 3310 belli
1013 3263 1086 3326 (vide
1097 3263 1129 3310 ad
1142 3281 1164 3310 c.
1181 3280 1221 3324 17,

711 3363 736 3394 n.
753 3345 783 3410 7)
798 3345 911 3392 vicerant
927 3344 1031 3390 Romani
1046 3341 1111 3390 bello
1130 3343 1222 3406 punico

709 3424 798 3489 primo.
808 3451 843 3462 -
850 3427 923 3486 Aptae
933 3422 1103 3485 instructisque
1110 3421 1225 3484 remigi05

711 3503 775 3550 conf.
783 3501 815 3548 ad
824 3503 878 3558 III,
894 3501 935 3559 15,
946 3517 971 3547 n.
985 3503 1008 3548 8.
1023 3502 1110 3563 Apta,
1123 3511 1224 3564 aptatae,

711 3581 836 3628 instructae
845 3579 997 3634 armis,velis
1007 3612 1014 3636 ,
1024 3590 1070 3626 etc.
1076 3596 1083 3638 ;
1095 3589 1124 3626 ut
1132 3580 1226 3635 XXX,

715 3675 745 3706 ιο
752 3692 759 3718 ,
767 3675 792 3706 n.
804 3674 818 3704 a
830 3691 838 3716 ,
848 3668 873 3705 et
879 3667 980 3720 paratae
991 3668 1130 3721 aptataeque
1142 3657 1224 3704 lintres

712 3753 767 3801 cap.
786 3752 829 3795 ος,
847 3736 887 3783 vel
902 3747 990 3798 aptare
1004 3736 1103 3782 classem
1118 3734 1179 3781 velis
1198 3747 1223 3781 et

712 3815 811 3862 biremes
823 3813 923 3878 remigio
935 3812 1000 3877 apud
1015 3814 1084 3875 Virg.
1101 3815 1156 3859 AEn.
1174 3815 1226 3872 111,

713 3901 777 3954 472³
787 3894 863 3950 VIII,
875 3893 916 3938 so.
928 3894 996 3955 Apta
999 3890 1083 3954 pinnis
1092 3889 1159 3953 apud
1172 3891 1224 3938 Cic.

712 3972 762 4020 Off.
777 3972 828 4026 111,
845 3986 887 4030 ²9·
904 3969 994 4016 Caelum
1004 3968 1078 4015 stellis
1090 3979 1175 4031 optram
1185 3987 1225 4033 ap.

713 4050 782 4113 Virg.
794 4051 849 4096 AEn.
862 4050 906 4106 IV,
917 4051 966 4102 482
974 4066 981 4107 ;
998 4049 1047 4104 vl,
1064 4049 1121 4108 798.
1137 4048 1224 4113 Polyb.
