2782 4568
1056 289 1058 295 '
1087 284 1111 320 A.
1124 282 1148 319 C.
1163 288 1208 324 218.

178 294 224 376 64
602 299 639 362 Τ.
673 298 808 364 LIVII
1087 342 1149 383 Μ
1164 349 1208 394 aar.

173 439 256 486 cora
272 415 509 511 jumentaque
531 415 667 485 torrida
687 413 841 511 frigore,
862 415 1027 490 homines
1045 420 1180 495 intonsi
1199 439 1235 497 et

173 523 317 612 inculti,
336 525 501 595 animalia
519 512 797 621 inanimaliaque
819 529 941 597 omnia
961 530 1113 626 rigentia
1133 534 1233 630 gelu,

173 650 298 705 caetera
316 635 412 721 visu,
432 658 542 729 quam
563 633 682 722 dictu,
697 632 868 722 foediora,
887 649 1063 708 terrorem
1081 664 1233 712 renova·

169 758 264 816 runt.
279 743 507 839 Erigentibus
521 745 559 813 in
575 746 710 840 primos
725 769 853 841 agmen
865 745 974 815 clivos
988 767 1235 845 apparuerunt

169 856 400 926 imminentes
421 855 580 927 tumulos
598 854 795 925 insidentes
811 859 993 943 montani;
1011 859 1092 954 qui,
1113 860 1142 929 si
1158 862 1233 932 val-

166 967 219 1037 les
235 964 449 1036 occultiores
463 963 696 1053 insedissent,
710 967 826 1036 coorti
839 967 876 1036 in
891 991 1049 1063 pugnam
1062 985 1232 1065 repente,

166 1077 350 1172 ingentem
367 1071 488 1170 fugam
503 1087 730 1170 stragemque
745 1073 938 1144 dedissent.
954 1075 1132 1147 Hannibal
1148 1103 1234 1150 con·

169 1187 292 1257 sistere
316 1186 414 1282 signa
436 1184 561 1280 jubet;
586 1184 770 1280 Gallisque
796 1185 840 1254 ad
864 1185 1011 1256 visenda
1038 1186 1117 1258 loca
1144 1214 1232 1285 prae·

168 1297 283 1366 missis
291 1292 318 1384 ⁶,
338 1309 529 1392 postquam
553 1295 747 1390 comperit,
769 1297 959 1366 transitum
982 1322 1023 1367 ea
1043 1322 1117 1367 non
1136 1323 1230 1386 esse,

168 1419 282 1474 castra
313 1403 407 1472 inter
436 1398 646 1496 confragosa
674 1404 794 1471 omnia
824 1419 1097 1503 praeruptaque,
1124 1432 1232 1503 quam

167 1513 408 1583 extentissima
423 1524 542 1607 potest
557 1510 665 1597 valle,
681 1511 784 1581 locat.
796 1517 888 1582 Tum
904 1539 968 1610 per
984 1513 1128 1585 eosdem
1145 1517 1231 1586 Gal·

166 1622 237 1710 los,
253 1621 352 1691 haud
370 1645 454 1690 sane
473 1619 629 1689 multum
646 1620 768 1715 lingua
784 1621 1019 1718 moribusque
1039 1623 1230 1696 abhorreo·

165 1745 235 1816 tes,
255 1754 369 1826 quum
391 1753 428 1798 se
447 1729 723 1799 immiscuissent
742 1729 934 1826 colloquiis
952 1747 1228 1825 montanorum,

165 1839 314 1910 edoctus
330 1837 488 1907 interdiu
504 1851 644 1906 tanturn
658 1837 817 1908 obsideri
829 1840 976 1926 saltum,
994 1855 1100 1911 nocte
1114 1844 1151 1910 in
1165 1869 1230 1916 sua

164 1973 347 2045 quemque
367 1946 477 2017 dilabi
497 1961 609 2035 tecta,
630 1948 712 2017 luce
732 1949 847 2044 prima
864 1947 972 2018 subiit
991 1951 1167 2037 tumulos,
1188 1969 1230 2024 ut

164 2084 209 2129 ex
228 2067 375 2155 aperto⁷
392 2071 501 2153 atque
517 2056 676 2127 interdiu
690 2059 763 2126 rim
779 2082 845 2154 per
859 2060 1038 2154 angustias
1056 2057 1227 2134 facturus.

162 2171 229 2257 Die
250 2167 382 2248 deinde
404 2166 607 2237 simulando
628 2165 745 2254 aliud,
766 2191 875 2261 quam
896 2165 997 2263 quod
1018 2168 1227 2264 parabatur,

163 2291 397 2374 consumpt0,
415 2301 528 2372 quum
549 2274 694 2363 eodem,
712 2300 787 2371 quo
803 2277 1055 2365 constiterant,
1073 2278 1154 2349 loco
1168 2303 1227 2351 ca-

162 2403 233 2457 stra
258 2388 562 2471 communissent,
588 2383 652 2454 ubi
679 2387 838 2479 primum
865 2384 1051 2480 degressos
1078 2387 1227 2457 tumulis

161 2512 373 2583 montanos,
388 2497 593 2589 laxatasque
613 2496 724 2565 sensit
741 2494 938 2581 custodias,
953 2493 1117 2592 pluribus
1135 2496 1227 2591 igni-

160 2717 202 2765 Sil.
216 2719 268 2775 III,
288 2724 335 2775 477
352 2732 402 2778 seq.
418 2742 453 2749 -
469 2713 603 2768 Montium,
626 2715 668 2761 Al·
712 2713 801 2770 missis,
817 2714 901 2777 legatis
915 2715 1046 2773 Boiorum,
1061 2716 1102 2778 qui
1115 2732 1140 2762 se
1150 2716 1224 2777 hujus

158 2798 239 2861 pium,
256 2811 357 2858 quarum
368 2792 450 2859 plures
463 2805 519 2840 sunt
531 2803 619 2857 partes.
633 2819 668 2827 -
712 2793 805 2840 itineris
828 2792 901 2840 duces
924 2794 976 2840 fore
992 2794 1096 2858 professi
1113 2794 1223 2856 fuerant,

157 2878 272 2921 Iumenta
285 2873 379 2921 torrida
390 2871 501 2936 frigore,
523 2883 550 2918 ut
563 2887 615 2934 cap.
635 2880 667 2927 4ο
712 2871 796 2934 SIgon.
817 2871 888 2918 Conf.
909 2888 961 2936 cap.
978 2888 1018 2934 29.
1037 2900 1072 2908 -
1089 2873 1225 2920 Transr'lum

158 2965 219 3002 extr.
238 2952 341 2999 Proeustr'
364 2948 567 3013 (halberfrorne)
584 2961 665 3006 artus,

159 3033 265 3078 membra
287 3029 381 3077 torrida
396 3029 469 3093 gelu‚·
489 3030 550 3084 XL,
574 3028 607 3082 45
629 3044 667 3092 pr.

158 3111 240 3157 Hiems
253 3111 351 3156 arbores
365 3108 488 3154 deusserat
493 3125 504 3163 ;
523 3106 589 3170 apud
606 3106 667 3153 Plin.

158 3192 211 3247 111,
224 3206 272 3246 ao,
289 3187 403 3234 Praeustr's
414 3187 438 3233 in
450 3185 555 3232 transitu
568 3184 668 3248 Alpium

157 3267 209 3316 nive
223 3267 345 3322 membris,
368 3277 392 3312 et
408 3265 497 3329 passim
514 3264 565 3320 uri,
580 3264 664 3319 aduri,

157 3346 253 3393 amburi
257 3382 264 3402 ,
275 3344 361 3392 torreri
368 3381 375 3401 ,
391 3344 520 3405 καίεσθαι,
535 3342 667 3394 ἀποκαίω-

157 3430 212 3487 θαι,
224 3439 287 3479 etc..
300 3427 329 3473 de
342 3428 443 3490 frigore,
459 3427 558 3489 plantas
572 3435 666 3471 cutem·

156 3521 202 3567 que
210 3501 523 3559 hominisamburente,vel
530 3512 666 3546 macerante

155 3593 179 3629 et
192 3582 304 3629 laedente.
321 3581 358 3628 Cf.
371 3580 403 3626 ad
416 3578 493 3626 Tacit.
509 3580 574 3624 Ann.
586 3579 664 3636 XHI,

158 3661 205 3716 35,
218 3675 244 3705 n.
259 3659 288 3716 5,
302 3670 326 3705 et
340 3658 381 3704 Sil.
396 3659 441 3715 IV,
455 3656 497 3703 68.
510 3657 573 3702 Mox
585 3655 664 3702 inani-

155 3737 279 3799 maliaque
293 3753 306 3782 e
318 3737 380 3783 MSS
394 3747 418 3783 et
428 3735 515 3799 priscis
528 3733 584 3780 edd.
594 3734 663 3781 resti·

154 3816 206 3874 tui;
218 3814 374 3877 inanimaque
385 3813 440 3860 edd.
451 3813 553 3860 Mediol.
564 3823 588 3858 et
596 3829 665 3875 seqq.

713 2966 755 3005 ea,
772 2950 823 2996 scil.
841 2962 909 3014 parte
922 2967 970 2997 non
983 2967 1048 3007 esse;
1060 2951 1117 2998 vide
1132 2952 1163 2999 ad
1172 2955 1223 3010 III,

714 3044 759 3088 70,
771 3045 795 3073 n.
811 3044 834 3073 2.
846 3056 882 3063 —-
896 3028 1047 3092 Confragosa
1058 3030 1156 3086 omnia,·
1167 3031 1224 3078 vide

712 3106 744 3152 ad
752 3107 784 3164 V,
801 3106 849 3163 26,
862 3124 886 3152 n.
902 3123 922 3152 r.

748 3201 770 3243 7.
785 3186 827 3230 Ex
840 3196 937 3248 aperto,
956 3196 983 3232 ut
1003 3185 1027 3231 in
1041 3197 1126 3248 aperto
1140 3188 1164 3242 1,
1177 3188 1223 3246 33;

711 3265 800 3320 XXII,
818 3272 846 3322 43
861 3266 965 3321 XXIII,
981 3266 1025 3320 463
1037 3266 1164 3321 XXXVI,
1178 3281 1222 3325 17,

711 3340 769 3388 Iocis
776 3342 921 3405 apertisXX
926 3343 1000 3400 XIII,
1010 3358 1033 3400 73
1041 3343 1165 3399 XXXIV,
1176 3344 1221 3402 46;

711 3420 733 3469 ἐν
749 3424 845 3488 καθαρῷ
856 3422 923 3485 apud
935 3427 1009 3471 Hom.
1020 3424 1050 3470 Il.
1065 3426 1145 3482 VIII,
1157 3439 1220 3487 491;

710 3499 820 3566 ἐμφανῶς
835 3519 874 3565 ap.
888 3502 974 3566 Polyb.
988 3505 1044 3560 111,
1060 3503 1108 3562 50,
1124 3504 1221 3566 8;qui·

709 3576 754 3623 bus
765 3578 798 3625 cf.
810 3589 888 3624 totum
900 3579 924 3624 h.
935 3579 952 3625 l.
968 3579 1007 3624 Sic
1018 3591 1042 3626 ct
1052 3580 1135 3643 campi
1143 3581 1223 3643 aperti

708 3656 861 3713 XXXVIII,
876 3664 923 3714 41,
937 3657 979 3718 qui
989 3659 1085 3716 XXIV,
1099 3667 1142 3716 14,
1152 3675 1176 3704 n.
1190 3667 1220 3718 4,

708 3732 822 3779 dicuntur
837 3733 896 3796 puri
916 3733 981 3798 (sine
999 3736 1085 3792 silvis,
1106 3737 1219 3798 virgultis

710 3811 871 3875 collibusque)
882 3825 1040 3876 acpatentes,
1049 3815 1163 3870 XXVII,
1173 3818 1218 3875 183

154 3911 186 3940 ax
199 3891 292 3938 emend.
300 3892 389 3950 Vallae,
401 3892 585 3954 inanimataque
599 3892 663 3949 conj.
704 3890 778 3953 plani
782 3925 789 3945 ,
801 3891 892 3950 XXII,
908 3899 954 3948 24,
967 3908 991 3938 n.
1003 3899 1036 3946 4⁰
1045 3907 1052 3948 ;
1061 3891 1181 3954 planum,
1194 3907 1219 3941 et

154 3973 231 4020 Gron,
245 3981 269 4017 et
279 3969 491 4032 inanimantiaqne
501 3970 575 4017 Drak.

188 4049 212 4097 6.
228 4048 355 4112 Gallisque
369 4048 406 4094 ad
414 4048 518 4097 visenda
533 4049 588 4096 Iaca
597 4063 663 4111 prce-

708 3969 738 4014 al.
750 3969 816 4032 aequi
824 3968 906 4033 campi
918 3970 957 4016 vel
969 3986 1071 4033 oeqnum.
1085 3970 1176 4018 Confer
1187 3973 1219 4020 a'd

708 4049 740 4106 V,
752 4049 797 4107 38,
811 4065 836 4098 n.
849 4057 872 4105 4.
884 4076 919 4086 --
937 4049 990 4096 Vim
996 4083 1004 4105 ,
1016 4049 1047 4097 al.
1063 4049 1140 4099 viam.
1154 4052 1218 4098 Mox
