2782 4568
154 300 221 383 134
581 302 619 367 Τ.
650 300 789 370 LIVII

121 459 124 463 -
187 423 251 480 lites
266 432 326 477 non
342 432 534 503 sacramento,
549 419 599 477 sed
613 439 691 476 nunc
707 420 832 496 primum
844 419 1035 497 jurejurando
1049 422 1215 501 adiguntur.

187 515 347 574 Conciones
360 515 526 586 consulum,
538 514 635 571 multae
648 533 681 570 ac
694 513 803 570 feroces
815 513 968 585 Varronis,
982 516 1112 574 veriores
1128 538 1215 594 quam

185 608 296 686 populo
308 609 446 684 gratiores
460 607 551 665 Pauli.
563 638 602 651 -
612 609 762 676 XXXIX,
776 604 882 663 Fabius
895 606 1125 683 proficiscentem
1140 615 1216 668 Pau-

184 703 246 759 lum
261 701 428 776 alloquitur.
437 703 550 769 -XL3
566 699 621 757 Hic
635 697 807 776 respondet,
820 710 849 755 et
864 718 930 755 cum
944 699 1054 776 collega
1069 700 1106 757 ad
1121 715 1215 761 castra

185 794 342 853 contendit.
355 793 501 852 Hannibal
514 791 641 849 adventu
654 793 804 849 consulum
818 794 889 849 mire
901 792 1007 868 gaudet
1019 792 1057 850 ob
1069 798 1215 871 angustias

187 901 380 958 commeatus,
397 885 572 944 discordiam
589 885 712 955 ducum,
726 885 916 941 temeritatem
937 885 1055 941 alterius
1071 886 1214 959 consulis,

188 994 218 1038 et
232 980 445 1038 multitudinem
460 980 596 1036 tironum.
610 1011 650 1023 -
661 981 731 1035 XLI
738 999 746 1048 3
759 976 947 1036 Pabulatores
958 979 1039 1035 Poeni
1050 978 1214 1051 caeduntur,

187 1087 216 1131 et
231 1073 391 1145 Hannibal,
411 1073 510 1130 castris
526 1070 649 1142 relictis,
666 1070 770 1127 milites
786 1089 853 1127 suos
869 1081 947 1126 trans
964 1069 1111 1147 proximos
1128 1089 1214 1127 mon-

187 1181 244 1238 tes,
262 1168 328 1225 loco
349 1165 564 1243 insidiisapto,
585 1162 699 1233 condit,
717 1181 909 1240 oppressurus
930 1162 1027 1218 hostes
1044 1160 1214 1239 diripiendis

186 1259 287 1317 castris
303 1272 469 1337 occupatos.
486 1291 522 1302 -
536 1260 636 1328 XLII3
656 1254 819 1314 solitudine
832 1253 874 1313 ibi
892 1255 959 1312 satis
976 1267 1140 1332 comperta,
1155 1255 1217 1311 mi—‘

185 1353 249 1410 lites
270 1365 298 1410 et
319 1352 420 1410 consul
443 1353 516 1409 alter
538 1350 618 1426 signa
639 1349 765 1427 proferri
785 1347 896 1424 jubent.
920 1348 975 1405 Hic
996 1359 1091 1404 tamen
1111 1347 1214 1404 mmtio

184 1445 251 1501 mali
269 1445 406 1522 auspicii,
423 1453 453 1500 et
470 1442 527 1514 illi,
549 1440 672 1518 imperio
691 1440 799 1498 ducum
817 1439 896 1498 haud
917 1454 1067 1517 parentes,
1087 1439 1214 1497 adventu

184 1535 386 1614 perfugarum,
402 1535 453 1611 qui
468 1534 565 1591 hostes
582 1533 612 1589 in
628 1533 739 1590 insidiis
755 1532 856 1591 sedere
872 1535 1021 1605 nuntiant,
1040 1532 1076 1590 ad
1089 1531 1214 1590 reditum

185 1629 406 1705 compelluntur.
422 1661 463 1673 -
477 1629 593 1696 XLIII;
610 1623 657 1684 Ob
675 1625 804 1702 inopiam
825 1626 961 1683 frumenti
978 1626 1081 1683 milites
1101 1643 1214 1682 merce·

185 1721 259 1776 narii
278 1718 447 1776 Hannibalis
460 1717 522 1792 jam
540 1717 577 1773 de
596 1718 764 1774 transitione
784 1718 908 1794 agitant,
922 1731 951 1774 et
965 1719 1027 1794 ipse
1042 1718 1079 1774 de
1099 1720 1166 1796 fuga
1184 1719 1214 1774 in

186 1809 317 1866 Galliam.
331 1809 458 1885 Longius
467 1809 565 1884 itaque
579 1808 689 1864 recedit
701 1808 738 1865 ab
750 1809 847 1880 hoste,
860 1822 889 1865 et
903 1811 934 1865 in
946 1811 1009 1866 loca
1018 1811 1134 1885 Apuliae
1149 1811 1215 1867 cali-

185 1900 282 1971 diora,
294 1919 387 1977 eoque
399 1901 559 1957 maturiora
567 1898 715 1958 messibus.
726 1906 924 1977 Insequuntur
935 1921 1001 1958 eum
1012 1903 1152 1974 Romani,
1166 1924 1216 1960 re·

185 1993 314 2070 fragante
330 1993 437 2064 Paulo,
451 1991 544 2050 donec
562 1993 642 2051 veuit
660 1997 789 2064 Cannas,
803 1993 855 2051 ubi
873 2007 966 2052 castra
982 1994 1064 2071 ponit
1079 2013 1180 2053 aversa
1199 2017 1216 2054 a

183 2085 330 2144 Vulturno
344 2100 441 2144 rento.
455 2119 492 2129 -
501 2084 739 2157 xL1v3<1bidem
754 2086 886 2144 consules
897 2084 967 2143 bina
979 2099 1073 2144 castra
1087 2106 1216 2144 commu·
1308 2156 1310 2160 Ι

184 2179 269 2237 niunt
283 2178 319 2238 ad
333 2178 598 2257 utramque-Aufidi
612 2178 702 2236 amnis
718 2179 826 2257 ripam,
839 2199 892 2236 nec
907 2178 1058 2255 quisquam
1074 2178 1214 2234 detrectat

183 2292 310 2349 pugnam
333 2285 440 2350 praeter
461 2273 591 2330 Paulum.
610 2305 647 2315 —
665 2274 762 2343 XLV3
782 2273 915 2333 Numidae
938 2273 1038 2349 fugant
1061 2283 1213 2348 aquatores

184 2384 337 2437 romanos,
357 2380 386 2423 et
403 2371 497 2425 Varro
519 2365 699 2444 indignatur,
722 2366 861 2442 collegam
882 2384 899 2422 a
921 2365 1023 2441 praelio
1045 2363 1212 2421 abhorrere.

185 2461 306 2514 Postero
319 2471 418 2516 autem
436 2457 501 2529 die,
517 2461 576 2533 quo
592 2476 681 2534 penes
697 2477 764 2514 eum
782 2476 893 2515 summa
907 2468 950 2513 est
967 2455 1097 2534 imperii,
1115 2455 1213 2532 copias

186 2547 294 2604 flumen
314 2549 454 2620 traducit,
475 2562 504 2606 et
523 2550 613 2606 aciem
632 2550 804 2607 iustruit—
815 2553 927 2619 XLV13
943 2548 1025 2606 Idem
1044 2549 1111 2606 facit
1132 2546 1214 2606 Han-

186 2639 281 2709 nibal,
303 2643 398 2717 et'sol
422 2640 675 2719 quidem³utrique
693 2642 771 2720 parti
791 2639 928 2717 obliquus
948 2653 1010 2712 est;
1026 2640 1077 2697 sed
1092 2651 1212 2711 ventus,

183 2733 323 2789 Romanis
339 2732 493 2804 adversus,
505 2736 627 2810 pulvere
643 2753 693 2791 eos
709 2732 847 2791 obcaecat.
860 2765 899 2776 -
909 2737 1037 2802 XLV11;
1054 2732 1141 2790 Initio
1155 2752 1213 2809 pu-

182 2841 246 2900 gnae
257 2824 288 2878 in
299 2823 403 2879 dextro
414 2842 507 2880 cornu
517 2844 589 2881 rom.
600 2825 751 2901 pelluntur
762 2826 889 2900 equites3
900 2823 1084 2900 peditesque,
1100 2825 1213 2881 incaute

181 2914 212 2970 in
230 2913 358 2971 medium
375 2915 534 2985 irruentes,
550 2915 587 2972 ab
602 2915 681 2973 Afris
702 2914 886 2972 clauduntur.
904 2949 941 2958 —
955 2920 1096 2986 XLVIII;
1117 2920 1151 2972 Iu
1172 2916 1213 2972 si-

182 3007 274 3064 nistro
292 3018 384 3063 cornu
405 3029 424 3063 n
445 3007 579 3077 Numidae
602 3007 638 3064 ad
661 3011 808 3065 Romanos
828 3007 1036 3084 transfugiunt,
1054 3019 1083 3063 et
1103 3008 1214 3084 recepti

181 3117 250 3155 mox
260 3117 389 3156 auersam
401 3117 503 3156 eorum
515 3100 605 3157 aciem
617 3098 799 3157 adoriuntur.
810 3098 976 3157 Hasdrubal
988 3111 1097 3169 autem,
1109 3098 1213 3156 dextro

183 3209 274 3246 cornu
289 3191 400 3268 fugato,
418 3192 504 3249 etiam
520 3193 626 3257 laevum
642 3191 782 3250 adoritur.
792 3223 830 3236 --
842 3196 959 3264 XLIX3
975 3191 1073 3249 Virtus
1088 3191 1170 3247 Pauli
1184 3204 1213 3248 et

182 3303 268 3341 mors.
282 3288 361 3361 Fuga
375 3284 529 3362 cladesque
545 3291 753 3344 Romanorum.
766 3319 806 3330 -
820 3290 859 3354 L;
878 3289 922 3342 Ex
937 3282 1097 3340 minoribus
1112 3284 1212 3342 castris

183 3377 325 3446 sexcenti,
336 3377 471 3434 hortante
484 3397 517 3435 ac
529 3376 603 3437 duce
613 3382 643 3435 P.
652 3378 825 3455 Sempronio
835 3376 982 3435 Tuditano
995 3374 1060 3432 trib.
1070 3375 1169 3446 milit,
1181 3376 1211 3433 in

183 3466 308 3543 majora,
325 3481 354 3524 et
371 3468 438 3525 inde
457 3489 523 3526 eum
542 3470 640 3526 multis
654 3469 716 3526 aliis
734 3469 891 3527 Canusium
910 3469 1090 3546 confugiunt.
1105 3501 1144 3548 —3
1156 3473 1211 3538 L1;

182 3556 347 3629 Hannibal,
367 3558 537 3617 Maharbale
555 3561 669 3637 judice,
690 3560 813 3618 victoria
834 3561 877 3618 uti
899 3561 999 3618 nescit.
1022 3566 1142 3618 Postero
1165 3559 1212 3616 die

183 3652 275 3727 spolia
291 3650 443 3728 leguntur,
457 3665 487 3708 ct
504 3664 612 3729 strages
630 3664 790 3729 spectatur,
802 3653 975 3711 miserabilis
990 3667 1019 3710 et
1034 3653 1110 3710 foeda
1125 3652 1212 3708 etiam

182 3741 323 3799 hostibus.
344 3747 471 3813 ..L113
492 3744 563 3802 Bina
583 3749 782 3803 Romanorum
805 3759 896 3804 castra
918 3747 1023 3805 victori
1047 3744 1211 3803 traduntur.

181 3833 380 3906 Munilicentia
393 3839 489 3907 Busae,
501 3838 630 3895 mulieris
640 3839 752 3915 Apulae.
765 3871 805 3884 -
818 3844 887 3898 LIII
895 3863 903 3911 3
921 3840 1036 3898 Canusii
1051 3837 1088 3894 ad
1102 3841 1133 3895 P.
1144 3837 1211 3896 Sci-

182 3921 299 4009 pionem
312 3946 423 3984 summa
437 3929 552 4006 imperii
565 3930 703 3999 defertur,
716 3943 744 3987 et
759 3929 795 3988 ab
811 3951 846 3989 eo
859 3931 1035 4010 opprimitur
1048 3929 1211 4006 coujuratio

181 4013 323 4076 nobilium
339 4021 495 4095 juvenum,
511 4023 578 4098 qui,
599 4022 737 4080 suadente
756 4028 788 4082 L.
804 4025 921 4083 Caecilio
939 4023 1076 4095 Metello,
1098 4023 1210 4081 Italiam
