2782 4568
173 344 243 419 aas
412 323 419 335 ‘
600 346 638 410 r.
671 343 821 411 iarn-
1087 323 1217 439 titi:

171 482 290 568 partes
303 465 392 536 datae
405 480 490 536 sunt
499 519 508 551 ,
518 480 575 553 ut,
588 488 702 562 quum
715 466 1024 561 appropinquaret
1031 465 1154 560 januae
1163 474 1241 556 rex,

170 603 235 677 per
258 601 399 649 causam
420 577 578 672 aliquam
604 577 642 645 in
667 576 837 670 angustiis
856 575 1048 645 sustineret
1066 573 1113 645 ab
1134 590 1241 674 tergo

170 713 309 787 agmen.
325 692 397 775 Ita,
411 700 453 757 ut
467 699 703 772 convenerat,
717 683 930 756 factumest.
944 688 1134 780 Tanquam
1150 685 1241 756 laxa·

168 815 224 871 ret
243 800 376 869 elatum
395 795 526 895 pedem
545 796 591 866 ab
609 796 733 866 stricto
755 796 852 865 nodo
865 790 892 883 ⁵,
911 808 1071 866 moratus
1091 795 1240 867 turbam
1267 832 1269 836 ¹

167 912 410 996 Dinomenes,
427 921 567 979 tantum
583 905 761 977 intervalli
775 903 879 992 fecit,
893 918 951 1000 ut,
967 928 1082 1001 quum
1096 906 1136 976 in
1152 930 1239 1004 prte-

167 1033 372 1091 tereuntem
391 1019 468 1089 sine
487 1019 631 1088 armatis
644 1041 768 1114 regem
788 1017 945 1113 impetus
964 1013 1087 1103 fieret,
1105 1015 1238 1089 coufo-

165 1130 311 1202 deretur
322 1129 460 1226 aliquot
470 1130 569 1228 prius
577 1127 800 1216 vulneribus,
810 1150 920 1224 quam
930 1128 1090 1197 succurri
1101 1143 1236 1224 posset.

167 1240 334 1323 Clamore
348 1253 384 1311 et
397 1239 563 1332 tumultu
573 1238 713 1327 audito,
728 1239 767 1308 in
776 1239 1035 1325 Dinomenem,
1048 1238 1125 1332 jam
1138 1237 1237 1310 baud

166 1350 276 1422 dubie
291 1350 513 1439 obstantem,
530 1351 601 1421 tela
616 1349 861 1443 conjiciuntur
872 1351 986 1419 tinter
999 1372 1080 1444 quae
1094 1362 1235 1438 tamen,

165 1460 309 1533 duobus
330 1463 485 1560 acceptis
502 1460 735 1548 vulneribus,
753 1462 875 1531 evasit.
893 1466 990 1557 Fuga
1010 1460 1234 1548 satellitum,

165 1587 207 1641 ut
219 1573 397 1667 jacentem
411 1571 533 1642 videre
549 1595 687 1667 regem,
702 1569 794 1640 facta
808 1584 873 1640 est.
886 1568 1142 1640 Interfectores
1153 1594 1237 1668 pars

163 1682 202 1750 in
216 1678 336 1751 forum
352 1680 396 1751 ad
411 1681 684 1752 multitudinem
700 1680 816 1751 laetam
832 1678 1016 1768 libertate,
1034 1705 1118 1778 pars
1133 1686 1235 1779 Syra·

165 1813 267 1860 cusas
283 1803 457 1886 pergunt,
475 1789 520 1860 ad
536 1789 824 1889 praeoccupanda
839 1788 1095 1861 Andcanodori
1114 1792 1236 1891 regio·

163 1923 320 1994 rumque
341 1900 494 1970 aliorum
515 1901 662 1971 consilia
673 1897 700 1969 ⁶.
725 1905 869 1972 incerto
890 1924 1011 1972 rerum
1031 1915 1145 1988 statu,
1165 1904 1233 2000 Ap.

163 2008 351 2095 Claudius,
362 2008 500 2081 bellum
513 2012 636 2082 oriens
648 2035 693 2082 ex
707 2012 916 2108 propinquo
927 2034 1041 2107 quum
1054 2025 1234 2098 cerneret,

163 2134 329 2190 senatum
343 2120 454 2191 literis
468 2124 660 2192 certiorem
673 2119 776 2210 fecit,
791 2122 945 2219 Siciliam
953 2121 1236 2218 carthaginiensi

161 2230 300 2328 populo
322 2242 357 2299 et
375 2231 571 2302 Hannibali
587 2231 781 2309 conciliari.
797 2235 877 2328 Ipse
897 2230 1067 2302 adversus
1084 2255 1234 2326 syracu-

162 2365 247 2411 sana
265 2340 434 2423 consilia,
457 2344 679 2439 provinciam
700 2342 876 2437 regnique
894 2338 985 2410 fines
1004 2340 1127 2408 omnia
1144 2365 1233 2411 con*

161 2451 268 2520 uertit
279 2450 574 2545 praesidia-Exitu
589 2454 675 2516 anni
687 2452 763 2542 ejus
772 2454 813 2537 Q.
824 2449 953 2516 Fabius
963 2475 1006 2517 ex
1017 2450 1233 2521 auctoritate

160 2574 304 2629 senatus
327 2557 519 2643 Puteolos,
544 2582 611 2654 per
632 2556 797 2628 bellum⁷
823 2570 983 2653 coeptum
1006 2554 1233 2653 frequentari

161 2741 254 2789 sedric
271 2741 343 2788 etiam
360 2740 427 2807 apud
444 2740 495 2788 Cic.
512 2739 543 2787 ad
559 2741 672 2801 Div.VI,
713 2740 878 2807 guiquefines
893 2739 961 2787 ontni
973 2741 1105 2808 confirmat
1112 2741 1232 2804 prasidio

161 2837 212 2879 ao,
235 2820 376 2867 adventibus
400 2826 446 2884 pr'o
472 2819 673 2875 advenientibus,·
717 2822 759 2886 (ut
781 2820 848 2884 apud
864 2820 917 2868 Cic.
938 2819 967 2866 de
987 2822 1050 2883 Lege
1064 2822 1124 2884 Agr.
1141 2823 1172 2880 I,
1186 2819 1232 2885 5),

161 2901 256 2949 Erneat.
529 2897 531 2901 ’
716 2897 921 2962 Doce-right
939 2899 1105 2962 conjecturam
1123 2900 1232 2962 probant

196 2978 220 3026 5.
235 2981 364 3041 Tanquam
375 2978 475 3025 laxaret
485 2974 576 3025 elatum
584 2979 673 3042 pedem
717 2979 774 3026 clar.
790 2978 917 3025 Creverius
932 2988 956 3024 et
969 2977 1093 3024 Drakenb.
1107 2994 1173 3040 quos
1185 2995 1231 3042 ego

160 3058 285 3104 abstricta
294 3056 373 3112 nodo,
388 3056 446 3103 dum
458 3051 546 3121 pedem
557 3057 584 3104 in
597 3058 672 3104 altum
716 3073 814 3120 sequar,
828 3057 886 3120 quia
902 3057 1000 3103 minima
1016 3057 1156 3104 mutatione
1167 3073 1231 3123 opus

160 3137 310 3192 attrahebat,
324 3146 348 3182 et
364 3136 471 3193 nodum,
491 3137 542 3182 sive
559 3136 671 3193 vincula,
715 3146 759 3184 est.
768 3139 899 3198 Postquam
907 3135 988 3199 priano
996 3137 1089 3199 punico
1098 3135 1167 3184 bello
1175 3140 1231 3188 Car·

159 3215 248 3277 quibus
267 3215 340 3261 nimis
363 3226 427 3262 arcte
449 3214 672 3278 constringerentur
716 3214 879 3278 thaginieuses
898 3214 980 3261 Sicilia
999 3213 1064 3277 pulei
1087 3226 1162 3275 aunt,
1178 3227 1230 3265 tota

160 3293 247 3351 calcei,
261 3311 286 3340 se
299 3294 460 3341 relaxaturum
470 3309 521 3364 essq
530 3293 669 3352 simulabam
714 3294 794 3342 insula
806 3294 865 3342 duas
875 3295 901 3340 in
912 3305 993 3359 partes
1006 3293 1085 3341 divisa
1096 3295 1160 3354 fuit,
1170 3314 1230 3360 qu·-

159 3373 277 3434 Doeriug.
506 3366 527 3421 {ts
714 3389 768 3419 rum
779 3372 853 3421 altera
866 3384 919 3420 erat
928 3371 1056 3435 provincia
1067 3389 1183 3437 romana,
1196 3376 1230 3424 al·

194 3452 219 3498 6.
233 3450 668 3517 Λάρνωοεοιῳαιιᾱα.ι’ξῳςοηεῐὶῐα,
714 3463 765 3499 tera
778 3465 881 3517 regnum
895 3452 1018 3499 Hieronis.
1030 3454 1075 3501 En.

159 3528 346 3594 praevenienda,
364 3540 388 3576 et
405 3530 439 3576 sic
453 3515 616 3593 impetliEnda.
630 3531 668 3578 Cf.
751 3546 773 3590 7.
783 3532 811 3593 Q.
820 3532 1075 3589 Fabius...Putaolos,
1083 3533 1230 3595 perbellum

157 3607 190 3655 ad
205 3610 287 3666 I,14‚
302 3609 408 3655 n.3.-
424 3606 579 3654 Provinciam
590 3610 670 3672 regni·
714 3609 773 3675 (vid.
783 3610 814 3656 ad
825 3612 851 3657 11
857 3644 864 3668 ,
875 3612 918 3667 18,
930 3627 955 3657 n.
966 3611 1103 3674 1)aoeptam
1106 3610 1229 3676 frequen·

157 3701 204 3748 que
217 3686 284 3752 fines
310 3684 393 3732 omnia
419 3685 535 3732 convertit
550 3687 670 3750 praesidia
715 3689 765 3736 tari
776 3689 908 3752 emporium
922 3688 995 3754 (vide
1004 3692 1081 3748 XXI,
1094 3691 1229 3756 57,n.7)‚

156 3765 231 3811 verba
248 3764 313 3810 baud
333 3763 407 3811 dubie
424 3776 547 3829 corrupta.
563 3766 671 3830 Adpro·
714 3768 869 3825 communiit,
884 3768 1076 3833 praesidiumque
1094 3769 1231 3833 imposuit,·

157 3841 240 3889 unciae
253 3842 381 3907 regnique,
393 3855 440 3891 etc.
452 3845 517 3904 conj.
528 3843 597 3907 Pigh.
606 3847 668 3892 Pro·
715 3848 746 3894 es.
761 3863 783 3894 c.
797 3863 842 3903 η,
855 3848 901 3906 133
917 3849 1001 3906 XXV,
1015 3863 1061 3905 no,
1075 3864 1101 3895 n.
1113 3863 1128 3894 2
1136 3881 1145 3906 ,
1159 3860 1184 3899 et
1196 3849 1229 3898 de

157 3918 259 3966 vinciam
268 3921 359 3986 firmat
376 3923 413 3969 ad
426 3922 554 3987 regnique,
574 3925 666 3972 Stroth.
711 3926 820 3973 Puteolis
832 3925 896 3990 (quae
907 3927 965 3974 urbs
975 3927 1034 3974 olim
1043 3926 1229 3975 dictaDieaar·

155 3996 307 4045 Provinciam
319 3999 354 4063 (b
366 4017 388 4049 e.
402 4017 454 4048 eam
464 4002 551 4049 Siciliae
560 4015 666 4066 partem,
710 4004 786 4060 cltia,
811 4017 835 4052 et
857 4005 916 4053 hod.
936 4005 1070 4061 Putandi,
1094 4021 1139 4053 seu
1162 4010 1227 4057 Put-

154 4091 207 4140 quae
220 4075 247 4124 iu
260 4077 354 4125 ditione
367 4081 532 4128 Romanorum
546 4081 608 4146 fuit)
627 4099 664 4129 νο·
710 4085 801 4150 anolo),
812 4085 993 4147 puteolauoque
1001 4095 1076 4150 portu
1085 4095 1109 4133 et
1117 4087 1227 4150 emporio
