2782 4568
154 279 308 380 tau
395 302 542 369 traua
573 304 697 370 xxrr
726 303 831 370 ear.
856 307 918 371 vr.
1045 320 1048 328 ’
1119 310 1185 404 149

72 436 80 443 '
127 433 269 491 'summa
287 423 322 489 vi
339 420 529 518 petebant,
548 420 588 491 ¹et
606 421 800 492 tuebantur
819 425 912 493 cives
932 450 940 491 t
961 423 1077 495 donec
1093 427 1186 499 iusu-

129 529 196 600 ber
215 548 325 625 eques
343 526 518 628 (Ducario
535 555 671 601 nomen
691 532 785 628 erat)
802 530 891 603 facie
909 557 1058 629 quoque
1076 538 1187 606 nosci·
1227 543 1230 547 ’

130 654 226 727 tans,
246 640 427 727 «Consul,
444 666 510 729 en,
525 641 661 737 inquit,
676 640 736 711 hie
753 655 822 730 est,
840 633 1079 739 popularibus
1095 645 1187 733 suis,

129 776 146 810 «
159 749 223 844 qui
239 748 399 845 legiones
419 764 560 821 nostras
579 749 723 839 cecidit,
744 766 921 848 agrosque
940 756 976 821 et
989 750 1119 822 urbem
1134 769 1188 824 est

130 887 145 921 κ
160 858 418 955 depopulatus:
433 860 506 954 jam
519 859 586 959 ego
599 859 692 930 hanc
707 862 911 931 victimam²
928 861 1094 932 manibus
1113 858 1190 960 per-

131 997 147 1031 «
162 983 367 1064 emptorum
385 968 480 1040 foede
500 971 632 1039 civium
650 969 768 1040 dabo:
784 1001 800 1033 a
821 969 1048 1067 subditisque
1076 973 1189 1043 caica-

128 1077 230 1148 'ribus
252 1103 366 1175 equ0,
385 1104 450 1176 per
466 1078 765 1174 confertissimam
783 1081 941 1151 hostium
956 1080 1101 1152 turbam
1118 1085 1187 1152 im-

131 1201 255 1284 petum
279 1187 386 1277 facit3
411 1186 827 1286 obtruncatoque'prius
852 1192 1048 1288 armigero,
1071 1194 1189 1288 quise

132 1296 262 1369 infesto
281 1297 460 1370 venienti³
481 1299 624 1370 obviam
640 1299 842 1394 objecerat,
860 1303 1047 1373 consulem
1065 1302 1189 1375 lancea

132 1408 335 1478 transfixit:
362 1408 514 1507 spoliare
539 1411 747 1508 cupientem
771 1411 882 1480 triarii
907 1409 1059 1505 objectis
1081 1412 1189 1484 scutis
1225 1472 1228 1477 .

131 1543 290 1589 arcuere.
312 1523 449 1616 Magnae
471 1523 581 1618 partis
600 1521 684 1620 fuga
703 1520 789 1593 inde
812 1522 970 1619 primum
989 1524 1099 1620 coepit
1121 1549 1129 1592 :
1154 1537 1190 1593 et

128 1628 204 1751 jam
217 1653 284 1698 nec
299 1627 414 1719 lacus,
428 1656 495 1701 nec
511 1646 653 1701 montes
667 1630 860 1702 obstabant
874 1632 1001 1728 pavori
1016 1657 1023 1700 :
1038 1655 1103 1728 per
1117 1656 1191 1701 orn-

131 1739 193 1807 nia
211 1751 307 1808 areta
323 1755 577 1838 praeruptaque
595 1741 695 1812 velut
712 1767 792 1812 caesr
782 1741 994 1813 evadunt:
1019 1766 1190 1839 armaque

133 1862 168 1917 et
177 1848 243 1917 viri
257 1873 366 1946 super
380 1850 490 1920 alium
505 1851 564 1920 alii
576 1852 855 1975 praecipitantur
871 1857 956 1922 Pars
969 1876 1111 1966 magna,
1127 1849 1190 1923 ubi

132 1958 232 2028 locus
251 1957 343 2085 fugae
364 1961 463 2031 deest
470 1986 566 2058 ,per
589 1963 706 2058 prima
727 1960 818 2031 vada
840 1961 1007 2058 paludis
999 1987 1036 2030 rn
1060 1962 1210 2077 aquam

134 2073 331 2166 progressi,
351 2072 472 2169 quoad
496 2071 672 2170 capitibus
689 2071 922 2168 humerisque
944 2085 1082 2141 exstare
1107 2095 1192 2168 pos-

135 2181 233 2267 sunt,
253 2205 329 2251 sese
342 2183 572 2279 immergunt.
590 2186 720 2269 Fuere,
736 2206 828 2278 quos
842 2180 1069 2251 inconsultus
1081 2204 1193 2276 pavor

133 2289 256 2360 nando
278 2293 384 2362 etiam
401 2316 585 2389 capessere
600 2290 720 2388 fugam
734 2291 927 2389 impulerit.
943 2293 1032 2379 Quae
1051 2288 1138 2359 ubi
1130 2313 1193 2358 rm·
1220 2291 1224 2311 ²
1284 2388 1286 2392 Ι

134 2422 274 2488 mensa,
290 2426 330 2472 ac
345 2404 421 2473 sine
434 2427 497 2499 spe
514 2415 606 2491 erat,
621 2417 683 2472 aut
697 2399 949 2472 deficientibus
966 2401 1092 2470 animis
1106 2399 1193 2470 hau·

135 2507 321 2579 riebantur
331 2511 549 2607 gurgitibus,
562 2526 624 2581 aut
638 2510 887 2607 nequidquam
900 2506 982 2587 fessi
994 2509 1084 2579 vada
1096 2523 1195 2579 retro

72 2613 73 2616 ’
136 2619 318 2710 aegerrime
339 2618 575 2715 repetebant,
601 2634 710 2716 atque
731 2619 783 2688 ibi
806 2618 882 2689 ab
874 2620 1042 2716 ingressis
1064 2643 1195 2714 aquam

136 2724 294 2797 hostiurn
317 2728 501 2824 equitibus
522 2729 653 2824 passim
678 2728 963 2800 trucidabantur.
992 2733 1061 2799 Sex
1085 2727 1197 2798 millia

137 2832 249 2906 ferme
269 2840 376 2935 primi
399 2839 568 2935 agminis,
586 2861 653 2934 per
674 2838 841 2909 adversos
864 2837 985 2908 hostes
1006 2839 1197 2933 eruptione

136 2945 286 3044 impigre
300 2948 411 3036 facta,
425 2950 539 3046 ignari
553 2949 734 3036 omnium,
747 2972 827 3045 quae
842 2963 925 3046 post
938 2971 976 3018 se
991 2962 1199 3049 agerentur,

137 3080 182 3124 ex
206 3057 297 3128 saltu
321 3083 475 3129 evasere.
498 3065 558 3147 Et,
577 3081 693 3153 quum
710 3058 748 3126 in
771 3056 912 3126 tumulo
930 3053 1090 3150 q‘uodam
1109 3077 1199 3122 con·

138 3168 328 3257 stitissent,
343 3169 536 3240 clamorem
548 3166 660 3237 modo
671 3192 711 3237 ac
721 3190 852 3237 sonum
862 3187 1045 3245 armorum
1056 3161 1201 3233 audien·
1247 3175 1250 3179 ’

137 3290 208 3365 tes,
222 3303 303 3374 quae
319 3276 463 3349 fortuna
480 3303 609 3376 pugnae
627 3291 737 3364 esset,
757 3300 878 3372 neque
893 3276 1004 3360 scire,
1027 3297 1095 3343 nec
1114 3296 1196 3369 per-

138 3489 272 3537 Duratium
281 3507 333 3538 non
340 3491 388 3538 nisi
394 3492 477 3540 Livius
486 3501 616 3548 memorat,
625 3501 650 3538 et
730 3489 753 3535 3.
769 3486 817 3549 Qui
829 3501 854 3533 se
867 3484 955 3552 infesta
970 3484 1079 3531 uenienti
1089 3482 1161 3548 (vide
1172 3482 1204 3530 ad

139 3583 170 3613 ax
188 3583 218 3615 oo
236 3564 317 3629 stru,
332 3571 383 3626 644
399 3587 449 3634 seq.
468 3570 588 3635 Polybius
600 3571 649 3626 III,
694 3569 720 3626 1,
735 3567 764 3613 13
775 3600 782 3625 ,
794 3581 858 3623 na,
875 3576 899 3613 et
910 3566 990 3623 xxi,
1009 3570 1058 3622 44,
1071 3578 1096 3610 n.
1109 3577 1122 3608 a
1133 3560 1143 3626 )
1155 3560 1203 3608 'ob-

140 3645 185 3705 84,
199 3645 286 3707 tradit,
301 3649 426 3696 consulem
439 3648 539 3698 aGallis
550 3638 652 3711 quibus·
697 3644 760 3693 viam
779 3643 901 3709 objecerat
917 3661 926 3690 :
948 3643 1033 3690 durior
1053 3640 1204 3689 constructio

139 3723 194 3770 dam
203 3725 386 3790 interemptum.
394 3727 495 3773 Insuber
501 3742 581 3789 eques,
583 3725 654 3790 jacie
697 3740 771 3788 quum
782 3723 808 3769 in
821 3723 903 3770 verbis
915 3720 1000 3786 infisto
1014 3719 1133 3776 venienti,
1154 3731 1205 3767 tum

140 3819 235 3866 quoque
246 3805 383 3861 noscitans,
394 3817 454 3865 ete.;
466 3805 523 3853 vide
534 3804 565 3852 ad
574 3805 639 3850 ΠΙ
646 3840 653 3864 ,
698 3804 725 3850 in
737 3803 879 3866 pleonasmo
893 3799 986 3847 obviam
1000 3800 1121 3868 objecerat
1137 3815 1146 3846 .-
1164 3814 1207 3846 ne-

140 3882 187 3940 63,
201 3897 227 3930 n.
242 3884 265 3930 3.
697 3898 743 3946 que
757 3880 822 3927 enim
834 3880 957 3941 junxerim
976 3879 1070 3926 obviam
1083 3876 1207 3935 venienti,

176 3977 200 4006 2.
216 3962 288 4007 Hanc
300 3960 440 4019 uictimam,
459 3960 540 4020 bunc,
559 3961 653 4008 scilicet
698 3960 765 4025 qnod
779 3959 809 4006 de
819 3974 931 4023 aggresso
948 3969 973 4005 et
988 3958 1145 4023 impugnante
1159 3955 1208 4003 dici

140 4038 281 4097 consulem,
292 4039 390 4087 vidend
403 4040 483 4095 xxi,
496 4054 540 4098 ro,
553 4056 577 4086 n.
589 4047 628 4093 14.
699 4039 775 4098 solet;
786 4039 872 4086 Bauer.
881 4036 971 4084 Triarii
981 4036 1078 4103 objectis
1087 4035 1159 4083 scutis
1168 4050 1212 4083 at-
