2782 4568
151 333 275 438 ῧζξζξξξζ
380 347 540 445 LIBER
565 346 665 413 XXI.
694 347 799 413 CAP.
827 348 901 412 XL.
1138 347 1179 417 81

124 505 142 539 «
156 473 298 542 hostem
311 469 498 565 ignoretis,
512 489 594 536 cum
607 467 650 535 iis
665 480 718 536 est
730 465 852 555 vobis,
867 465 1013 551 milites,
1026 490 1188 564 pugnan-

124 581 260 670 «dum,
282 603 375 676 quos
399 592 495 648 terra
519 577 682 671 marique
710 578 829 673 priore
857 575 955 647 bello
984 578 1139 647 vicistis:
1166 603 1186 648 a

124 724 141 759 «
155 692 287 790 quihus
300 689 520 787 stipendium
533 711 600 784 per
610 687 736 783 viginti
747 712 862 759 aranos
872 689 1057 784 exegistis:
1073 714 1092 757 a
1105 690 1187 784 qui-

125 835 141 869 «
152 803 228 874 bus*
239 817 342 899 capta
353 800 439 872 belli
454 799 616 896 praemia,
631 798 783 869 Siciliam
800 823 840 868 ac
854 799 1070 884 Sardiniam,
1081 798 1187 870 habe·

125 915 210 983 atis.
239 915 314 982 Erit
341 913 450 1007 igitur
474 912 514 979 in
541 909 612 979 hoc
640 911 836 978 certamine
864 911 893 977 is
918 907 1021 978 vobis
1046 909 1189 1005 illisque

125 1023 311 1107 «animus,
326 1022 390 1116 qui
403 1017 602 1088 victoribus
618 1030 653 1086 et
667 1019 770 1086 victis
785 1041 860 1087 esse
875 1018 977 1086 solet.
998 1022 1073 1089 Nec
1091 1045 1190 1090 nunc

123 1132 222 1219 «illi,
242 1132 326 1227 quia
349 1128 504 1213 audent,
529 1126 592 1198 sed
617 1127 702 1222 quia
727 1150 872 1196 necesse
898 1141 971 1214 est,
995 1132 1190 1224 pugnaturi

124 1255 238 1312 «sunt
258 1268 265 1310 :
288 1242 357 1310 nisi
378 1239 543 1325 creditis,
563 1238 627 1332 qui
649 1238 807 1308 exercitu
831 1236 1004 1308 incolumi
1032 1263 1192 1334 pugnam

124 1351 437 1437 «detrectaverat,
456 1373 536 1435 eos,
554 1346 699 1435 duabus
717 1345 881 1444 partibus
901 1348 1064 1443 peditum
1087 1351 1191 1445 equi-

124 1474 307 1557 «tumque
334 1461 374 1527 in
399 1459 554 1527 transitu
575 1456 718 1553 Alpium
749 1459 904 1544 amissis,
928 1482 1042 1552 quum
1069 1460 1211 1555 plures

122 1594 256 1669 «paene
278 1571 472 1667 perierint,
493 1592 604 1664 quam
626 1582 840 1664 supersunt,
863 1567 945 1664 plus
968 1570 1044 1664 spei
1066 1583 1191 1641 nactos

121 1711 138 1745 a
152 1706 242 1751 esse.
254 1685 299 1750 At
311 1681 409 1748 enim
423 1680 527 1774 pauci
541 1676 690 1773 quidem
704 1693 799 1764 sunt,
814 1679 877 1748 sed
889 1681 1049 1775 vigentes
1063 1683 1192 1752 animis

34 1882 38 1896 Ι
122 1819 139 1852 «
153 1786 460 1886 corporibusque,
482 1811 641 1883 quorum
665 1786 799 1857 robora
822 1812 863 1857 ac
884 1790 978 1858 vires
1000 1791 1059 1858 vix
1085 1794 1193 1861 susti·

124 1930 141 1964 «
152 1923 239 1969 nere
249 1899 301 1968 vis
312 1898 385 1967 ulla
399 1899 520 1993 possit.
532 1894 694 1992 Effigies,
705 1898 816 1966 immo
831 1897 968 1967 umhrae
984 1899 1191 1987 hominum,

124 2039 142 2074 a
155 2007 265 2096 fame,
280 2007 428 2104 frigore,
440 2007 579 2095 illuvie,
596 2007 765 2102 squalore
777 2010 910 2094 enecti,
923 2013 1066 2079 contusi
1081 2035 1121 2079 ac
1136 2010 1195 2081 de·

125 2149 143 2184 «
156 2119 283 2190 bilitati
297 2121 393 2189 inter
407 2143 490 2188 saxa
503 2142 700 2215 rupesque.
722 2117 776 2216 Ad
792 2115 902 2205 haec⁵,
922 2121 1060 2214 perusti
1075 2133 1192 2206 artus,

125 2232 237 2300 «nive
256 2232 413 2327 rigentes
431 2230 551 2314 nervi,
569 2227 734 2298 membra
756 2228 891 2298 torrida
908 2229 1008 2324 gelu,
1027 2244 1193 2323 quassata

126 2339 339 2437 «fractaque
362 2364 477 2423 arma,
500 2339 618 2409 claudi
647 2364 688 2409 ac
715 2337 851 2409 debiles
877 2341 973 2434 equi.
1004 2343 1094 2409 Cum
1120 2340 1190 2410 hoc

126 2451 296 2545 «equite,
316 2468 400 2519 cum
426 2448 496 2517 hoc
520 2448 641 2545 pedite
667 2451 863 2545 pugnaturi
890 2450 999 2519 estis:
1020 2451 1190 2546 reliquias

126 2573 332 2629 «exnemas
357 2558 535 2644 hostium,
557 2585 634 2628 nou
662 2558 784 2629 hostes
812 2554 998 2629 habebitis.
1023 2564 1074 2630 Ac
1100 2559 1191 2632 nihil

127 2669 267 2764 «magis
290 2692 433 2753 vereor,
461 2691 570 2763 quam
596 2692 664 2753 ne,
690 2693 755 2736 vos
784 2694 897 2763 quum
928 2672 1190 2765 pugnaveritis,

127 2806 144 2841 a
158 2769 269 2872 Alpes
281 2779 405 2857 vicisse
420 2776 659 2847 Hannibalem
673 2777 873 2847 videantur.
894 2777 964 2847 Sed
977 2779 1027 2847 ita
1040 2776 1191 2850 forsitan

125 3006 162 3018 -
173 2982 255 3026 Nouos
269 2978 367 3037 milites,
383 2981 426 3044 qui
440 2981 567 3028 maximam
579 2997 635 3045 par·
680 2982 764 3029 Bauer,
777 3009 812 3017 -
825 2971 889 3028 Mihi
902 2981 1000 3028 videtur
1009 2999 1081 3045 posse
1092 2984 1191 3032 defendi

125 3071 175 3107 tem
188 3075 240 3106 non
252 3060 362 3123 Scipioni
377 3062 497 3124 primum,
511 3060 555 3107 sed
568 3061 636 3106 Man·
681 3062 707 3111 τὸ
716 3077 789 3124 paene
799 3061 847 3107 hoc
859 3060 950 3107 modo:
963 3077 1050 3124 supra,
1063 3079 1084 3108 c.
1097 3064 1128 3108 38
1138 3098 1144 3120 ,
1156 3063 1190 3109 di-

125 3139 159 3186 lio
173 3138 299 3202 Atilioque
313 3139 396 3187 traditi
410 3140 512 3186 fueraut.
527 3140 599 3187 Couf.
612 3155 634 3186 c.
680 3140 743 3186 citur
755 3140 891 3197 Hannibal,
904 3151 1033 3203 postquam
1044 3140 1191 3189 Rhodanum

128 3217 159 3264 32
175 3225 200 3264 et
215 3219 256 3280 39.
680 3219 811 3275 transierit,
820 3219 920 3279 triginta
929 3234 972 3264 sex
980 3218 1055 3264 millia
1063 3219 1191 3267 hominum
1291 3236 1293 3241 ·

161 3303 185 3350 4.
203 3295 325 3343 Incolumi
343 3298 451 3344 exercitu
467 3312 578 3361 pugnam
595 3296 637 3343 de·
681 3297 795 3343 amisisse.
803 3296 956 3358 Eodemcap.
967 3297 1097 3343 L.Cincius
1105 3299 1190 3347 scribit

127 3385 273 3432 trectavere;
287 3376 354 3422 conf.
368 3393 421 3440 cap.
436 3393 478 3438 ²9·
490 3403 525 3413 -
535 3375 637 3422 Duabus
681 3375 807 3438 octoginta
816 3374 891 3421 millia
900 3373 1022 3436 peditum,
1033 3374 1117 3422 decem
1127 3379 1192 3440 equi-

121 3452 235 3517 partibus
247 3453 342 3501 amissis
355 3456 491 3503 extribus:
503 3454 636 3502 undemox
681 3467 745 3512 tum,
755 3454 781 3500 in
788 3468 837 3517 quo
844 3468 945 3499 numero
953 3452 1036 3499 Gallos
1045 3454 1192 3519 Liguresque

125 3548 173 3595 pro
178 3532 354 3594 poeueRuben.
362 3535 517 3597 conj.plane,
526 3545 550 3581 et
559 3535 636 3581 Gron.
682 3532 876 3599 comprehendit.
897 3533 961 3594 Ergo
983 3547 1008 3576 re
1031 3540 1088 3578 vera
1108 3550 1192 3597 super-

119 3610 190 3675 foede
200 3629 209 3658 .·
219 3612 340 3660 strothius
349 3624 429 3660 autem
438 3613 511 3677 duplo
521 3613 639 3675 anteplu-
683 3625 764 3672 erant,
773 3613 800 3660 id
811 3624 859 3670 est,
870 3611 897 3657 in
908 3609 1017 3658 exercitu
1030 3622 1099 3657 erant
1110 3613 1192 3676 plures

127 3705 165 3736 res
176 3689 297 3738 excidisse
308 3693 423 3756 putabat,
435 3692 489 3750 vel,
505 3702 533 3738 ut
545 3703 569 3738 et
582 3691 638 3750 alii,
684 3693 845 3755 copiae‚quam
853 3691 1189 3754 perieramus-Aream,

127 3769 350 3834 omniaillaquum'
358 3772 441 3835 plures
447 3803 507 3818 .....
513 3780 640 3833 supersunt
684 3769 1188 3831 etc.;conf.ad111‚39,n.8.—Fame,

126 3847 232 3909 glossam
250 3848 368 3897 redolere.
393 3849 442 3897 Sed
464 3849 525 3895 mihi
542 3849 639 3895 videtur
683 3849 796 3913 squalore
808 3849 898 3903 enecti‚·
911 3847 961 3895 vid.
972 3847 1002 3893 ad
1017 3848 1053 3904 ΙΙ,
1068 3849 1114 3909 23,
1129 3869 1154 3898 n.
1168 3852 1191 3901 3.

125 3926 641 3992 Liviusmitigarevelle,quodforteauxe-
722 3927 745 3974 5.
760 3927 803 3973 Ad
818 3925 869 3973 taee
886 3925 958 3991 (vide
973 3925 1004 3972 ad
1020 3929 1147 3988 11‚2s‚n.
1163 3931 1193 3996 3)

124 4015 164 4051 rat
179 4005 264 4065 nimis,
278 4017 305 4054 ut
318 4024 392 4071 poene
409 4009 441 4055 sit
456 4007 526 4070 quasi
543 4007 638 4071 utique,
681 4007 777 4071 perusti
784 4017 851 4053 artus
861 4004 934 4069 (Pali.
945 4016 994 4052 tres
999 4009 1104 4069 proeusti
1105 4027 1116 4064 ;
1124 4010 1193 4075 En),
1260 4023 1264 4034 ¹

124 4095 209 4131 certe:
219 4084 283 4132 forte
294 4097 320 4134 et
330 4102 391 4136 mox
399 4087 498 4152 legend.
506 4084 643 4150 supersiuts
687 4087 793 4134 membra
804 4084 898 4134 torrida
905 4085 977 4149 gelu;
986 4085 1036 4132 vid.
1043 4086 1074 4133 ad
1084 4103 1137 4157 cop.
1148 4090 1178 4135 32
1188 4122 1195 4146 ,

251 4174 320 4238 IV.
807 4171 812 4180 ’
1003 4168 1026 4237 6
