2782 4568
1073 278 1097 311 Α.
1108 274 1131 312 C.
1146 278 1183 313 218

160 300 205 379 [40
584 300 622 364 T.
657 298 796 364 LIVH
1070 336 1097 374 u.
1109 336 1134 376 c.
1147 339 1193 383 ⁵3⁴·

157 448 173 480 a
188 418 305 487 cietati
327 415 527 485 confidat.»
550 415 638 486 Inde
658 416 839 512 extemplo
864 416 961 486 abire
984 416 1119 487 finibus
1133 417 1218 488 Vol·

158 528 343 596 cianorum
369 524 478 618 jussi,
503 524 548 595 ab
577 527 678 595 nullo
705 526 835 596 deinde
863 526 1014 595 concilio
1043 526 1219 621 Hispaniae

157 633 370 731 benigniora
379 631 488 703 verba
500 634 625 707 tulere.
638 640 764 733 Itaque
773 633 1019 730 nequidquam
1035 649 1219 731 peragrata
1299 634 1302 639 ’

157 752 343 848 Hispania,
361 750 398 818 in
418 749 569 818 Galliam
587 763 787 819 transeunt.

204 867 281 931 XX.
296 866 339 930 In
350 859 423 929 his¹
437 883 530 928 nova
543 859 786 956 terribilisque
800 861 935 955 speeies
949 860 1023 928 visa
1037 870 1105 943 est,
1120 855 1219 953 quod

158 973 284 1042 armati
305 970 374 1066 (ita
395 996 474 1040 mos
496 972 612 1066 gentis
634 970 729 1066 erat)
752 971 790 1038 in
812 967 1006 1046 concilium
1026 979 1217 1037 venerunt.

157 1085 296 1172 Quum,
312 1077 430 1149 verbis
444 1080 655 1150 extollentes
670 1079 827 1176 gloriam⁸
835 1081 1079 1173 virtutemque
1092 1076 1220 1173 populi

157 1189 316 1277 romani,
334 1213 374 1258 ac
385 1188 671 1286 magnitudinem
683 1190 841 1286 imperii,
851 1191 1097 1286 petissent‚ne
1106 1192 1219 1256 Poeno

155 1300 292 1371 bellum
305 1299 412 1369 Italiae
425 1297 612 1386 inferenti,
627 1323 693 1396 per
706 1324 810 1396 agros
824 1298 1005 1394 urbesque
1021 1321 1100 1367 suas
1112 1311 1220 1366 trans·

154 1416 247 1482 itum
264 1411 410 1499 darent;
432 1423 553 1480 tantus
568 1433 650 1478 curn
669 1407 816 1480 fremitu
837 1410 929 1480 risus
948 1408 1079 1479 dicitur
1098 1421 1218 1495 ortus,

154 1537 196 1591 ut
221 1522 281 1590 vix
308 1545 329 1590 a
353 1517 619 1617 magistratibus
639 1519 910 1616 majoribusque
936 1533 1025 1588 natu
1048 1517 1220 1612 juventus

156 1630 353 1702 sedaretur.
375 1628 475 1700 Adeo
494 1628 623 1698 stolida
644 1627 910 1725 impudensque
932 1627 1126 1723 postulatio
1147 1626 1220 1696 visa

158 1756 226 1829 est,
242 1750 421 1827 censere²‚
436 1764 483 1808 nc
499 1740 537 1807 in
550 1739 689 1807 Italiam
704 1739 947 1808 transmittant
957 1736 1051 1807 Galli
1065 1736 1219 1820 bellum,

156 1851 253 1947 ipsos
272 1849 309 1919 id
328 1862 488 1919 avertere
507 1849 545 1916 in
562 1872 620 1935 se,
643 1872 820 1944 agrosque
835 1871 918 1916 suos
932 1871 1000 1943 pro
1014 1844 1138 1914 alienis
1154 1871 1220 1941 po-

154 1957 333 2055 pulandos
347 1957 515 2054 objicere.
536 1957 666 2028 Sedato
681 1971 802 2038 tamen
822 1956 985 2043 fremitu,
1004 1979 1220 2051 responsum

156 2068 280 2165 legatis
302 2083 377 2151 est,
399 2091 519 2164 neque
535 2073 788 2137 Romanorum
812 2072 848 2135 in
870 2091 908 2136 se
937 2072 1100 2135 meritum
1123 2090 1218 2150 esse,

156 2203 274 2275 neque
295 2178 642 2274 Carthaginiensium
663 2177 856 2268 injuriam,
885 2176 931 2245 ob
958 2192 1132 2272 quaeant
1146 2200 1220 2270 pro

155 2294 344 2383 Romamn,
362 2302 432 2358 aut
445 2286 615 2356 adversus
632 2289 766 2356 Poenos
783 2302 932 2354 sumant
951 2310 1065 2354 arma.
1089 2289 1221 2356 Contra

156 2393 225 2466 ea³
242 2396 370 2466 audere
388 2419 479 2479 sese,
497 2402 611 2490 gentis
628 2418 707 2465 suae
723 2393 886 2484 homines
905 2395 1221 2490 agrtsfinibusque

157 2504 278 2575 Italt'ce
296 2503 392 2601 pelli
415 2531 439 2573 a
456 2502 600 2600 populo
626 2527 796 2584 romano,
821 2505 1109 2604 stipendiumque
1121 2529 1220 2598 pen-

156 2613 257 2696 dere,
278 2630 314 2682 et
330 2619 461 2683 caetera
477 2613 624 2710 indigna
633 2619 726 2710 pati.
747 2611 882 2684 Eadem
898 2611 1010 2685 ferme
1028 2615 1067 2682 in
1085 2615 1220 2684 caeteris

157 2868 168 2885 ιι
184 2861 244 2892 num
263 2858 300 2894 sat
316 2848 480 2895 verecundum
497 2851 550 2896 est?
570 2848 612 2896 ubi
630 2861 667 2897 est
709 2850 736 2896 in
748 2851 851 2898 Galliam
862 2853 1015 2914 transgressis
1027 2852 1160 2898 occurrisse
1170 2854 1220 2898 Ru·

156 2925 303 2972 verecundia
315 2927 508 2988 postulantium?
521 2944 551 2974 an
564 2928 613 2975 hoc
626 2945 667 2975 ve·
711 2929 883 2989 scinonem‚r⁸0
891 2946 937 2993 que
947 2930 1122 2993 autemsaepius
1131 2930 1221 2978 alibra-

156 3001 280 3050 recundiae
294 3005 426 3053 convenit?
435 3028 447 3047 υ
459 3007 544 3053 Bauer.
711 3007 754 3054 riis
764 3008 804 3054 vel
814 3008 925 3055 additum
937 3025 1001 3066 esse,
1012 3008 1051 3054 vel
1064 3008 1178 3055 ablatum.
1186 3035 1221 3045 -

192 3082 252 3129 Ctr.
262 3085 322 3131 XX.
332 3099 354 3130 r.
364 3082 454 3140 tntis,
468 3085 521 3130 scil.
530 3084 619 3142 Gallis,
628 3085 667 3132 vel
713 3086 812 3133 Armati
824 3087 849 3133 in
863 3087 990 3134 concilium
1004 3097 1123 3132 venerunt
1141 3088 1221 3145 Galli,

157 3159 241 3208 Galliae
248 3161 410 3224 populis,et'si
418 3162 535 3227 praeeedit
544 3163 653 3210 Galliam
657 3181 667 3221 ;
712 3165 748 3212 ita
759 3182 810 3212 mos
818 3165 959 3230 gentiserat
964 3200 972 3222 ,
988 3163 1031 3212 sed
1041 3165 1103 3212 forte
1112 3181 1164 3212 non
1173 3166 1221 3213 nisi

157 3239 249 3286 Stroth.
270 3239 318 3286 Sed
340 3240 435 3288 Gallias
452 3241 516 3289 forte
530 3241 667 3306 legendum.
712 3243 825 3292 debello
843 3244 1031 3292 consultandum
1049 3257 1127 3304 esset,
1144 3246 1220 3295 Drak.

157 3319 189 3363 In
196 3318 394 3380 Anemonem,
402 3331 448 3367 etc.
455 3337 462 3379 ς
469 3322 534 3381 conj.
543 3323 621 3369 Gron.
630 3320 667 3370 Cf.
712 3323 768 3370 coll.
777 3325 839 3372 Caes.
848 3325 907 3372 Bell.
922 3323 968 3387 gal.
977 3325 1010 3383 V,
1018 3322 1050 3369 56
1059 3358 1066 3382 ,
1076 3335 1100 3371 et
1107 3323 1163 3370 Nic.
1170 3321 1220 3372 Da-

156 3397 255 3443 XXVII
259 3425 265 3452 ,
275 3398 316 3458 39.
323 3397 363 3443 Ibi
366 3413 438 3455 nova,
447 3410 493 3446 etc.
500 3400 586 3458 3D0er.
595 3402 625 3446 In
632 3399 668 3447 ln's
713 3412 787 3449 masc.
800 3403 827 3449 in
840 3405 899 3450 Exe.
911 3403 1015 3450 Peiresc.
1024 3418 1079 3466 pag.
1086 3402 1151 3450 513.

156 3490 218 3520 nova
227 3474 322 3522 Illiberi
331 3475 420 3538 species
430 3477 550 3525 Matthia.
563 3479 594 3524 In
607 3478 667 3525 Gal·
747 3497 771 3527 a.
783 3481 853 3528 Adeo
860 3481 950 3528 stolida
959 3480 1130 3544 impudensque
1135 3494 1221 3544 postu·

156 3551 216 3598 liam
222 3553 516 3602 ad...transeunt.1nltis
522 3567 666 3614 nova‚etc.;
712 3557 771 3604 latio
782 3558 839 3606 visa
851 3572 898 3618 est,
912 3576 1019 3615 censere,
1035 3560 1179 3607 sententiam
1194 3560 1220 3608 in

157 3630 241 3693 Sigon.
251 3642 276 3678 et
286 3631 354 3679 Glar.
364 3633 422 3696 ‚qui
432 3648 523 3680 nomen
531 3634 619 3697 populi
629 3650 668 3680 ex·
711 3636 818 3683 concilio
831 3637 924 3699 dicere,
934 3638 1048 3697 suadere,
1062 3651 1109 3686 etc.
1122 3638 1221 3686 Censere

156 3706 244 3754 cidisse
256 3720 358 3771 putant,
376 3710 419 3758 sed
439 3711 564 3774 quodnam
580 3712 666 3773 fuerit,
710 3730 757 3779 pro
766 3717 902 3776 censendo,
914 3717 939 3763 h.
950 3735 971 3765 e.
981 3717 1157 3782 proponendo,
1167 3733 1221 3764 sua-

156 3796 246 3848 negant
266 3785 375 3835 divinare
397 3805 478 3853 posse.
502 3793 533 3837 In
558 3791 666 3839 Galliam
711 3792 808 3851 dendo,
826 3794 919 3842 dietum
936 3797 1027 3860 accipit
1045 3798 1118 3842 Doer.
1132 3797 1221 3858 Super-

157 3874 292 3913 transeunt.
300 3867 433 3915 Ruscinone
443 3869 553 3917 terribilis
561 3871 663 3934 species,
710 3888 841 3919 vacaneum
853 3873 914 3921 illud
925 3892 989 3934 esse,
998 3885 1022 3922 et
1034 3873 1164 3920 delendum
1175 3892 1221 3939 pu-

157 3951 203 3988 etc.
210 3957 217 3998 3
224 3942 248 3988 J.
257 3943 335 3991 eron.
346 3946 389 4007 qui
398 3959 495 4007 monet,
504 3948 531 3996 id
542 3947 632 3996 firmari
642 3966 664 3997 c.
711 3951 775 3998 tabat
789 3947 868 4000 Gron.

158 4025 204 4076 24,
214 4030 238 4067 et
246 4020 350 4084 primum
359 4039 391 4071 ex
400 4027 592 4090 Hispaniajuxta
601 4045 666 4076 mare
747 4032 769 4076 3.
782 4030 871 4078 Contra
883 4049 912 4078 ca
920 4050 930 4088 ;
943 4032 998 4080 vide
1008 4031 1039 4078 ad
1050 4033 1087 4089 11,
1103 4032 1150 4089 60,
1162 4049 1186 4080 n.
1198 4049 1221 4078 ι.
