2782 4568
399 303 464 368 nn
489 270 744 370 rnaasrru
771 303 975 371 aurion.
1148 309 1218 404 ²¹79

160 424 263 503 rabat,
278 432 375 509 quam
385 433 477 485 atrox
485 421 608 509 vigeret
621 419 708 514 apud
722 434 780 484 eos¹
789 423 927 510 populos
942 424 1082 489 nominis
1094 432 1222 496 romani

160 526 289 607 odium,
306 538 417 612 etquo
431 522 550 586 foedere
562 520 770 584 adventantes
787 522 904 586 Poenos
922 540 1029 587 essent
1044 531 1218 615 excepturi.

162 627 250 709 Quid
261 626 372 714 plura?
389 624 469 688 illud
483 624 624 687 multum
639 623 803 704 conferet,
820 623 908 688 unde
921 623 1123 693 difficultates
1134 632 1221 718 apud

160 744 282 792 veteres
298 727 374 790 belli
390 725 502 813 punici
521 723 655 788 secundi
676 725 848 811 scriptores
869 727 978 791 obvias
999 731 1219 817 explanemus,

160 830 309 917 viamque
323 829 524 893 inveniamus
538 850 634 914 quam
652 843 809 913 sequutus
822 828 864 891 sit
874 829 1052 895 Hannibal:
1065 855 1132 896 non
1149 846 1222 898 earn'

161 931 292 1017 quidem
313 954 375 1018 qua
399 931 494 994 citius
513 952 532 992 a
552 929 712 995 Rhodano
732 930 766 991 in
792 930 915 994 ltaliam
937 930 1056 1014 iretur,
1078 933 1135 998 scd
1155 950 1222 1023 qua

161 1034 278 1096 rectius
293 1034 332 1096 ab
350 1056 388 1095 eo
403 1031 501 1095 fluvio
520 1046 642 1117 peteret
655 1031 800 1094 nationes
812 1031 938 1095 futuras
954 1033 1072 1098 auxilio
1086 1036 1221 1100 Cartha-

160 1135 377 1221 giniensibus,
391 1155 528 1220 quarum
541 1153 603 1218 ope
614 1131 714 1194 fretus
727 1131 906 1195 libertatem
916 1133 1062 1221 gentium
1073 1137 1221 1200 omnium

161 1260 178 1297 a
197 1259 330 1300 romana
347 1235 522 1298 ambitione
538 1249 711 1314 tutaretur,
732 1250 765 1296 et
781 1234 815 1297 in
838 1234 996 1321 Capitolio
1014 1235 1147 1302 incenso
1162 1263 1222 1328 po·

160 1339 276 1424 pulum
285 1339 350 1417 jam
363 1337 427 1398 late
442 1359 562 1421 regem,
587 1352 619 1398 et
634 1334 675 1399 ad
692 1335 780 1399 orbis
795 1336 936 1400 universi
950 1336 1122 1425 imperium
1133 1365 1221 1430 gras·

161 1457 285 1502 santem
298 1437 514 1502 contunderet
530 1436 715 1524 deleretque
728 1436 885 1501 funditus.

204 1539 298 1627 Alpes
321 1539 474 1602 Romanis
495 1561 609 1626 parurn
629 1553 721 1601 notas
740 1537 857 1615 fuisse,
883 1556 957 1602 ante
982 1534 1220 1629 expeditionem

160 1641 359 1722 Hannibalis,
367 1665 406 1705 ex
417 1663 531 1705 eorum
543 1638 711 1702 annalibus
722 1654 847 1711 certum
858 1655 921 1702 est:
935 1641 1081 1726 quamvis
1090 1643 1175 1707 enim
1186 1646 1219 1710 in

161 1745 323 1807 continuis
340 1744 492 1807 adversus
513 1741 628 1816 Gallos,
638 1740 815 1828 Cisalpinos
830 1739 921 1803 bellis
939 1740 979 1804 ad
993 1741 1052 1805 hos
1067 1743 1221 1811 fabulosae

160 1840 344 1909 altitudinis
358 1862 486 1908 montes
506 1843 621 1930 saepius
644 1841 795 1927 devenire
817 1842 1009 1925 debuerint,
1031 1845 1112 1910 nihil
1133 1849 1220 1914 aliud

161 1962 268 2010 tamen
293 1947 445 2010 videntur
471 1945 683 2032 comperisse,
711 1967 808 2031 quam
833 1966 868 2007 ea
891 1943 968 2032 juga
998 1968 1016 2008 a
1046 1950 1220 2028 majoribus

161 2048 327 2112 Gallorum
342 2048 420 2112 olim
433 2069 502 2112 esse
520 2063 686 2134 superata,
699 2045 777 2110 dum
794 2045 914 2109 fertiles
927 2064 1076 2133 peterent
1091 2062 1221 2139 campos

161 2148 427 2235 septemtrionalis
448 2144 556 2212 Italiae.
577 2146 751 2211 Massiliam
770 2168 862 2226 vero,
884 2146 961 2234 ipsis
980 2151 1127 2235 profecto
1146 2164 1221 2217 a'nte

160 2250 347 2313 Hannibalis
366 2267 493 2337 tempus
515 2249 696 2337 cognitam,
723 2247 858 2310 navibus
880 2236 1027 2311 solebant
1044 2253 1221 2339 appellere3

160 2374 266 2438 neque
278 2352 343 2415 ulla
356 2352 478 2415 exsistit
492 2374 597 2432 causa,
610 2373 669 2414 cur
681 2372 827 2436 unquam
840 2364 932 2412 antea
946 2350 1017 2414 illos
1030 2353 1128 2416 Italiae
1141 2354 1221 2419 fines

160 2453 200 2514 ab
218 2453 256 2515 iis
275 2454 373 2515 fuisse
386 2460 526 2517 tentatos
544 2452 749 2516 arbitremur.
769 2450 945 2536 Postquam
968 2469 1077 2516 autern
1097 2457 1220 2542 perfre-

160 2552 206 2642 git
219 2554 380 2617 Hannibal
397 2556 501 2635 viam,
520 2570 590 2618 turn
612 2554 770 2618 exercitus
789 2554 972 2640 reipublicae
997 2560 1220 2624 transcendere

160 2656 273 2742 Alpes,
301 2670 372 2716 turn
393 2653 507 2740 privati
528 2655 676 2718 homines
698 2655 835 2718 incultas
858 2655 1049 2745 ignotasque
1074 2663 1221 2751 regiones

161 2756 325 2843 explorare
341 2754 410 2817 ausi
426 2769 514 2816 sunt.
539 2754 581 2818 Et
601 2755 660 2817 ubi
676 2757 836 2843 peragrari
854 2755 989 2844 inceptae
1007 2778 1103 2843 sunt,
1119 2765 1220 2829 'suurn

160 2860 323 2920 Romanos
340 2855 507 2944 ingenium
520 2879 579 2944 per
597 2856 683 2919 invia
696 2857 842 2919 locorum
852 2873 864 2937 ',
890 2881 958 2921 non
977 2860 1046 2924 sine
1066 2863 1220 2954 del'atiga·

99 2956 102 2966 ¹
160 2959 249 3023 tione
265 2975 297 3022 et
315 2958 476 3046 periculo,
496 2955 554 3020 diu
572 2957 778 3044 multumque
796 2957 943 3042 impulit,
963 2958 1068 3023 donec
1083 2966 1221 3053 Augusti

159 3061 290 3126 tandem
308 3060 507 3148 temporibus
525 3061 621 3147 Alpes
642 3059 775 3122 munitis
791 3059 849 3121 viis
864 3059 1044 3146 patefactae,
1061 3063 1220 3130 aedificatis

159 3162 295 3226 urbibus
308 3163 474 3242 habitatae,
489 3184 643 3225 cacumen
656 3183 753 3224 suum
765 3160 919 3224 Romanis
927 3162 1117 3241 jubentibus
1130 3171 1220 3253 quasi

159 3264 346 3328 submisere.
366 3263 532 3345 Quamdiu
552 3286 628 3326 vero
647 3262 806 3350 punicum
825 3261 947 3325 bellum
967 3262 1124 3349 desaeviit,
1140 3271 1220 3335 scie·

159 3365 237 3429 bant
251 3383 377 3429 tanturn
390 3365 519 3453 Alpium
537 3379 656 3427 tractus
671 3365 744 3427 nive
758 3380 791 3426 et
806 3363 905 3452 glacie
918 3379 1037 3429 aeterna
1050 3389 1219 3437 concretos

159 3466 211 3529 vix
235 3466 372 3531 incolain
395 3468 481 3555 pati,
498 3485 605 3530 tamen
627 3480 769 3554 quatuor
792 3487 860 3529 esse
883 3487 941 3553 per
963 3468 1126 3532 montium
1142 3472 1220 3561 juga

160 3568 320 3647 tramites,
338 3569 483 3631 maximis
497 3567 627 3654 quidem
640 3566 805 3630 laboribus
820 3566 1055 3650 decurrendos,
1068 3595 1126 3658 per
1137 3598 1219 3660 quos

158 3668 311 3755 Cisalpini
323 3669 590 3756 Transalpinique
603 3667 686 3731 Galli
700 3668 866 3732 habebant
884 3672 1135 3742 commercium:
1152 3679 1219 3763 pri·

159 3792 250 3830 mum
269 3791 327 3855 per
347 3769 442 3856 Alpes
466 3770 640 3858 maritimas
658 3771 714 3857 qui
730 3793 748 3832 a
765 3770 880 3834 Genua
900 3773 941 3836 ad
962 3773 1135 3858 Arelatem,
1161 3803 1219 3866 per

160 3870 296 3934 Nicaeam
319 3886 351 3934 et
369 3871 508 3935 Monoeci
526 3872 673 3936 Herculis
693 3888 826 3959 portum
846 3871 1040 3959 (Monstro),
1061 3874 1217 3961 ducebat;

159 3972 340 4036 secundum
368 3995 425 4058 per
444 3973 601 4036 Taurinos
619 3967 865 4060 Taurinumque
888 3974 1004 4037 saltum
1034 3975 1139 4060 (mont
1157 3979 1217 4043 Ge·-
