2782 4568
161 329 227 425 196
581 327 619 392 r.
654 322 794 391 trvrr
1067 304 1195 406 atat:

155 461 363 546 contempta
383 448 541 545 paucitas
563 473 570 514 :
591 470 632 516 ae
650 443 718 517 sibi
737 444 893 541 quisque
913 443 1132 540 deposceret
1149 445 1225 543 pel·

155 559 282 634 lendos
303 555 390 628 inde
415 554 547 627 hostes
576 554 631 627 Ad
658 555 779 625 locum
803 553 1020 652 capiendum
1049 555 1123 624 dux
1143 557 1224 654 ipse

153 667 515 743 interstolidissiinos
531 665 847 762 ferocissimosque
864 665 910 736 ad
928 689 1026 735 arma
1043 681 1167 755 vocat;
1187 681 1226 738 et

156 780 256 850 vanis
280 776 407 847 animis
427 790 463 847 et
480 776 587 845 minis
608 777 770 874 increpat
794 775 946 846 hostem.
970 777 1150 874 Principio
1169 777 1225 847 le-

156 915 237 963 vem
252 901 468 959 armaturam
480 885 645 985 dimittit,
658 886 790 958 deinde
804 884 969 957 conferto
985 887 1125 983 agmine
1139 886 1225 955 mit·

156 1003 200 1072 tit
210 1001 350 1097 equites
362 1025 370 1067 ι
383 1013 583 1096 postremo,
595 1022 711 1095 quum
725 996 891 1068 hostibus
904 1021 1053 1094 quoque
1066 995 1227 1068 subsidia

158 1113 252 1182 mitti
270 1108 428 1197 videret,
445 1111 631 1181 instructis
648 1106 851 1207 legionibus
871 1108 1045 1204 procedit.
1065 1110 1109 1176 Et
1127 1112 1226 1176 Han·

157 1220 278 1310 nibal,
301 1218 552 1291 laborantibus
577 1216 676 1290 suis⁵
700 1218 767 1290 alia
791 1234 900 1316 atque
926 1219 1016 1305 alia,
1043 1231 1227 1289 crescente

158 1327 372 1418 certamine,
392 1333 538 1402 mittens
553 1332 685 1401 auxilia
702 1329 864 1428 peditum
881 1331 1140 1426 equitumque,
1152 1328 1229 1422 jam

156 1446 289 1540 justam
312 1438 688 1538 expleverat·aciem⁶,
712 1465 752 1512 ac
775 1444 860 1512 totis
882 1442 1067 1536 utrimque
1090 1437 1229 1510 viribus

160 1552 376 1624 certabatur.
402 1553 518 1622 Prima
536 1551 624 1622 levis
646 1565 826 1621 armatura
845 1557 1111 1638 Romanorum,
1136 1572 1228 1646 prae·

160 1675 378 1758 occupatum
391 1659 561 1730 inferiore
575 1661 657 1728 loco
672 1661 868 1729 succedens
881 1658 1064 1729 tumulum
1074 1670 1104 1745 ⁷,
1124 1659 1231 1757 pulsa

162 1770 379 1865 detrusaque
399 1784 574 1839 terrorem
587 1770 627 1837 in
645 1767 898 1840 succedentem
912 1771 1035 1839 intulit
1051 1771 1229 1866 equitem,

162 1877 259 1951 etad
276 1880 379 1983 signa
392 1877 577 1975 legionum
591 1877 732 1976 refugit.
749 1877 914 1950 Peditum
931 1880 1023 1951 acies
1040 1880 1135 1949 inter
1148 1902 1231 1976 per·

162 1989 280 2060 culsos
301 1986 480 2085 impavida
500 1988 575 2058 sola
593 2003 684 2075 erat,
705 1987 988 2083 videbaturque,
1009 1987 1038 2056 si
1053 1987 1149 2081 justa
1168 1999 1232 2056 aut

162 2100 192 2170 si
215 2113 315 2170 recta
341 2112 464 2196 pugna
491 2113 607 2185 esset,
632 2098 914 2196 haudquaquam
940 2100 1054 2194 impar
1081 2094 1230 2166 futura:

163 2223 304 2279 tantum
321 2209 525 2279 animorum
542 2207 677 2280 fecerat
703 2234 875 2306 prospere
894 2221 979 2305 ante
1002 2230 1137 2305 paucos
1156 2207 1234 2278 dies

162 2344 219 2389 res
231 2316 345 2415 gesta!
368 2319 438 2390 Sed
455 2321 570 2390 exorti
586 2334 738 2416 repente
751 2319 980 2390 insidiatores
994 2343 1078 2390 eum
1096 2317 1232 2388 turnul-

163 2425 267 2497 tum8
292 2442 559 2524 terroremque,
580 2430 619 2497 in
640 2430 751 2498 latera
774 2431 959 2524 utrimque
983 2426 1028 2498 ab
1055 2443 1234 2523 tergoque

162 2537 404 2623 incursantes,
426 2535 607 2627 fecerunt,
627 2553 669 2608 ut
690 2563 811 2635 neque
831 2542 973 2610 animus
989 2537 1034 2608 ad
1053 2560 1233 2636 pugnam,

163 2670 284 2741 neque
305 2646 350 2726 ad
370 2645 491 2745 fugam
509 2671 589 2743 spes
608 2649 778 2746 cuiquam
799 2664 1011 2748 superesset.

202 2842 226 2889 t.
243 2833 282 2880 Ac
292 2833 339 2882 sibi
351 2833 453 2898 quisque
464 2832 592 2896 deposcere
602 2833 677 2899 (vide
721 2837 780 2886 Fah.
790 2835 845 2902 pag.
856 2840 912 2886 180.
922 2838 984 2899 Quis
995 2837 1057 2884 ferre
1067 2835 1147 2899 possit
1156 2833 1235 2882 dimit-

167 2913 199 2961 ad
209 2915 249 2971 ῙῙ,
264 2919 312 2975 49,
326 2929 351 2960 n.
365 2910 389 2976 1)
398 2912 524 2975 pellendos
535 2912 591 2960 inde
600 2912 677 2960 bostes
722 2917 758 2975 tit,
767 2919 803 2964 vel
812 2913 1160 2965 demittit...mittit...mitti.³
1169 2912 1236 2960 Hirro

167 3009 197 3040 ac
212 2992 290 3039 locum
301 2991 454 3054 capiendum.
465 2992 537 3050 Dux,
555 3002 600 3039 etc.
615 2992 677 3040 bene
720 2993 1111 3055 jamGron.etBaner.delendum
1117 3002 1237 3057 putarunt

168 3073 233 3134 conj.
247 3069 357 3117 Perizon.
378 3069 424 3116 Sed
444 3085 491 3133 pro
511 3070 628 3118 alterutro
647 3087 678 3118 nc
723 3073 835 3131 dimittit,
851 3086 892 3121 ant
904 3075 950 3138 leg.
961 3072 1059 3132 emittit,
1071 3087 1113 3119 seu
1120 3070 1237 3118 immittit.

167 3150 216 3214 leg.
227 3161 258 3196 et.
271 3146 409 3213 Utrobique
419 3148 506 3211 frigere
516 3149 591 3196 verbu
601 3149 637 3195 ad
644 3149 680 3197 lo·
760 3152 783 3199 5.
801 3154 835 3199 Et
852 3152 981 3200 Hannibal
1000 3149 1167 3199 laborantibus
1187 3147 1238 3196 suis

169 3245 223 3275 cum
235 3244 290 3290 cap.
302 3237 326 3273 et
336 3227 464 3293 glossatori
472 3227 600 3275 tribuenda
610 3239 680 3292 putat
725 3229 798 3295 (vide
813 3232 844 3279 ad
858 3234 908 3291 111,
927 3233 972 3289 31,
986 3247 1011 3277 n.
1024 3228 1069 3293 1),
1087 3228 1140 3275 alia
1161 3239 1239 3292 atque

168 3310 254 3356 Bauer.
268 3307 331 3352 Mox
345 3306 463 3369 suspicari
474 3308 554 3370 possis
569 3320 575 3354 :
587 3307 680 3370 princi·
725 3309 777 3357 alia
792 3311 886 3358 mittens
899 3308 1008 3365 auxilia,
1028 3319 1056 3355 ut
1068 3306 1134 3371 apud
1146 3306 1237 3371 Polyb.

165 3387 209 3451 pio
222 3384 295 3432 levem
308 3395 461 3431 amaturum
473 3384 572 3444 emittit,
594 3384 682 3432 deinde
724 3393 776 3450 III,
793 3394 857 3452 105,
869 3394 974 3454 συνεχῶς
986 3387 1029 3456 μὶν
1045 3386 1236 3438 {contermina

168 3464 259 3530 equites
272 3481 281 3510 :
288 3474 411 3526 postremo
425 3461 533 3527 conferto
545 3463 678 3526 agmine...
724 3469 775 3526 toi<
787 3469 810 3519 ἐν
823 3475 858 3538 τῷ
872 3469 935 3536 λόφῳ
950 3468 1005 3526 τοὺς
1017 3466 1196 3531 βοηθήσαντας,

170 3559 194 3594 et
206 3543 326 3593 instructis
337 3543 468 3608 legionibus
479 3543 599 3606 procedit.
610 3545 678 3611 Παρ-
757 3547 781 3593 6.
799 3550 856 3593 Iam
871 3547 966 3611 justam
984 3546 1124 3610 expleverat
1141 3545 1238 3601 aciem

170 3622 260 3676 ὰυτὶκα
273 3623 316 3692 μὲν
334 3622 489 3682 ἐξαπέστειλε
508 3621 562 3681 τοὺς
583 3621 678 3690 bilche,
723 3623 877 3684 v'idcadVI,
899 3626 942 3683 13,
956 3641 981 3672 n.
997 3625 1021 3671 3.
1096 3626 1100 3633 '

164 3701 238 3775 pte&
255 3697 285 3753 dl
299 3704 382 3752 ταῦτα
398 3700 453 3760 τοὺς
468 3701 565 3758 ἱππεῖς·
585 3701 638 3763 ἑξῆς
650 3695 679 3750 dl
728 3706 731 3712 '
761 3721 784 3762 7.
799 3704 930 3751 Succedens
942 3704 1060 3751 tumulum
1071 3702 1114 3768 (ut
1121 3702 1240 3762 XXVII,

170 3776 264 3840 τνῦτνις
281 3780 384 3831 κατόπιν
399 3780 470 3839 αὐτὸς
488 3775 531 3850 ἦγε
546 3787 634 3848 συνεχῆ
647 3779 681 3831 τὰ
728 3783 771 3841 ι8;
782 3784 883 3839 XXXI,
900 3784 947 3841 453
964 3783 1118 3840 XXXVIII,
1133 3796 1162 3843 9,
1175 3796 1202 3827 ιι.
1214 3779 1239 3839 5,

173 3855 253 3928 ’βαρέα
263 3865 311 3911 τῶν
323 3859 416 3925 ὅπλων,
428 3862 515 3927 Polyb.
527 3862 625 3929 Πρῶτον
637 3859 679 3930 μὲν
725 3859 779 3925 ab),
796 3862 820 3909 in
838 3863 1001 3909 succedentem
1016 3860 1120 3924 equitem
1126 3877 1136 3916 ,·
1152 3859 1240 3907 confer

175 3939 303 3990 ἀπέστειλε
313 3939 357 3994 τὴν
369 3938 456 4008 κοὺφὴν
469 3940 586 4009 στρατιὰν
596 3980 602 4003 ,
618 3941 682 3991 ἔπει·
724 3933 756 3987 ad
766 3943 790 4000 I,
806 3944 834 4000 3,
844 3958 869 3989 n.
879 3943 893 3989 8
902 3959 909 4002 ;
919 3953 942 3988 et
952 3941 983 3988 ad
993 3942 1050 3988 Tae.
1064 3941 1130 3986 Αιιιι.
1140 3941 1180 4000 11,
1191 3953 1240 3999 ιο,

175 4011 209 4068 τά
218 4017 272 4076 τοὺς
283 4014 366 4076 inriti<
376 4040 381 4052 ·
393 4014 504 4078 cinaedi
514 4057 519 4069 .
531 4014 630 4086 imeae
640 4013 682 4070 do·
724 4037 749 4068 n.
761 4022 784 4069 3.

173 4097 244 4166 νάμιι
256 4094 385 4168 turibium
399 4101 604 4168 σνντιταγμίννς,
615 4102 680 4152 Plut.
762 4102 785 4147 8.
805 4101 895 4150 Enorti
907 4111 1002 4164 repente
1016 4097 1171 4146 insidiatores
1183 4112 1241 4144 eum
