2782 4568
150 279 277 383 35:232,
380 296 533 365 uruca
562 295 687 362 xrur.
716 295 823 362 cur.
849 297 926 364 ux.
958 352 961 359 .
1114 299 1182 398 ιιι

122 451 141 488 ιι
152 421 224 493 hoc
242 427 280 493 P.
300 416 533 514 Sempronius
552 414 707 502 diceret3
729 439 798 486 nec
817 416 914 486 viros
933 416 1099 512 quidem,
1117 447 1186 495 nec

125 562 142 598 ιι
155 536 337 604 Romanos
352 553 416 599 vos
437 526 605 608 duceret,
621 525 649 594 si
668 548 777 595 nemo
795 539 902 596 tautae
919 528 1060 599 virtutis
1078 534 1185 602 exsti-

125 670 143 707 ιι
156 642 257 712 tisset
270 634 426 711 cornes⁸.
439 637 541 708 Viam
557 660 632 705 non
647 635 692 705 ad
708 635 858 732 gloriam
872 639 998 734 magis,
1013 664 1123 735 quarn
1141 643 1187 713 ad

124 752 329 837 «salutem,
339 747 516 820 serentem
532 744 775 833 demonstrat3
795 745 946 817 reduces
959 749 996 817 in
1013 753 1185 845 patriam,

124 861 200 930 «ad
215 873 404 957 parentes,
419 855 465 926 ad
479 855 653 950 conjuges
672 877 712 925 ac
728 854 862 927 liberos
875 855 975 927 vlacit.
997 864 1045 930 Ut
1064 885 1186 934 serve-

123 1001 140 1036 ιι
152 971 265 1056 mini,
280 969 382 1040 deest
397 965 500 1037 vobis
518 964 683 1035 animus?
697 963 804 1060 quid,
825 969 854 1037 si
872 969 1103 1040 moriendum
1118 999 1186 1070 pro

122 1081 272 1177 «patria
290 1089 402 1165 esset,
421 1074 609 1147 faceretis?
629 1075 901 1173 Quinquaginta
923 1079 1033 1150 millia
1056 1084 1189 1154 civium

125 1219 143 1254 ιι
155 1190 413 1283 sociorumque
432 1186 526 1254 circa
547 1207 612 1252 vos
636 1206 680 1254 eo
704 1185 784 1279 ipso
810 1184 868 1254 die
888 1210 975 1257 caesa
995 1188 1123 1282 jacent.
1152 1196 1189 1264 Si

125 1330 142 1364 ιι
157 1314 212 1370 tot
227 1297 393 1393 exempla
405 1295 548 1364 virtutis
562 1314 637 1361 non
651 1308 818 1381 movent,
831 1294 919 1363 nihil
933 1320 1093 1393 unquam
1108 1326 1189 1374 mo·
1233 1298 1237 1306 ’

124 1408 275 1479 evehit:
299 1408 329 1476 si
347 1417 445 1475 tanta
465 1399 584 1472 clades
600 1401 707 1470 vilem
723 1400 834 1470 vitam
855 1427 931 1473 non
951 1403 1072 1498 fenita,
1090 1411 1190 1482 nulla

125 1550 143 1584 ιι
156 1518 272 1591 saciet.
296 1515 418 1588 Liberi
440 1525 549 1608 atque
570 1507 770 1580 incolumes
795 1509 995 1583 desiderate
1015 1521 1189 1611 patriam3

126 1631 270 1699 «immo
295 1622 517 1706 desiderate,
540 1619 629 1690 dum
650 1620 764 1716 patria
790 1633 860 1709 est,
884 1619 971 1691 durn
997 1625 1090 1697 cives
1112 1631 1189 1724 ejus

124 1768 142 1802 ιι
156 1739 252 1809 estis.
272 1740 360 1807 Sero
381 1755 480 1802 nunc
502 1728 729 1818 desideratis,
753 1728 931 1800 deminuti
950 1735 1083 1830 capite,
1102 1738 1190 1810 aba·

126 1877 143 1912 ιι
156 1846 279 1917 lienati
309 1845 391 1938 jure
418 1842 572 1926 civium,
595 1839 691 1909 servi
720 1839 1068 1936 Carthaginiensium
1092 1846 1188 1922 facti.

127 1956 275 2026 «Pretio
302 1950 453 2023 redituri
478 1949 563 2020 estis
592 1972 653 2037 eo,
673 1949 770 2019 unde
796 1951 935 2046 ignavia
964 1979 1005 2025 ac
1027 1962 1191 2054 nequitia

126 2095 145 2131 ιι
157 2063 306 2135 abistis?
325 2065 363 2130 P.
390 2060 662 2157 Sempronium,
689 2059 803 2130 civem
823 2077 1002 2152 vestrum,
1024 2092 1100 2138 non
1124 2095 1190 2142 au.

126 2205 144 2241 ιι
158 2173 278 2261 distis,
293 2194 391 2243 arma
407 2194 536 2268 capere
551 2193 592 2239 ac
609 2171 713 2264 sequi
726 2193 764 2240 se
775 2169 988 2264 jubentem:
1006 2180 1189 2252 Hanniba·

127 2315 145 2350 ιι
158 2286 228 2355 lem
243 2296 326 2382 post
340 2280 450 2380 paulo
463 2279 629 2366 audistis,
645 2293 760 2349 castra
776 2281 901 2377 prodi,
923 2297 958 2352 et
980 2309 1076 2356 arma
1097 2290 1190 2362 tradi

127 2424 144 2460 ιι
155 2395 353 2489 jubentem.
382 2397 498 2482 Quam
529 2414 597 2487 ego
619 2391 801 2487 ignaviam
822 2393 1018 2463 istorum¹⁰
1039 2423 1190 2493 accuso,

128 2536 145 2570 «
158 2529 274 2602 quum
287 2504 402 2575 scelus
419 2503 554 2598 possim
573 2502 769 2572 accusare?
785 2507 867 2575 Non
885 2507 982 2575 euim
1000 2510 1112 2580 modo
1133 2536 1190 2584 se-

101 2620 104 2624 '
129 2645 146 2680 ιι
159 2617 222 2712 qui
245 2625 458 2686 recusarunt
485 2611 580 2681 bene
607 2627 838 2701 monentem,
864 2614 928 2684 sed
953 2615 1127 2691 obsistere
1149 2647 1190 2693 ac

129 2801 253 2867 appellari.
268 2801 331 2848 Mox
343 2813 374 2845 ue
385 2797 453 2844 uiros
466 2795 578 2859 quidem,
596 2808 637 2840 ne·
681 2796 798 2858 captivis3
812 2796 916 2854 minore,
932 2799 971 2847 vel
986 2802 1117 2864 mediatur
1131 2807 1192 2856 civi·

129 2881 188 2928 dum
198 2883 320 2928 Romanos
330 2877 395 2937 conj.
406 2877 515 2923 Gronov.
531 2873 596 2920 Illud
607 2887 638 2920 ιιο
681 2875 751 2933 tutis,
767 2891 781 2921 u
803 2874 937 2939 deportatis
956 2878 1072 2942 aliisque;
1088 2884 1189 2933 minima

130 2961 219 3025 probat
230 2961 349 3016 Bnuerus,
360 2970 411 3003 nou
424 2953 520 3000 nedum.
681 2953 779 3000 familiae
797 2956 982 3020 agnationisque
998 2960 1067 3018 Jura,
1085 2962 1115 3009 ab
1133 2965 1191 3012 ado-

166 3041 192 3088 8.
207 3041 292 3086 Tanta
300 3034 398 3084 virtutis
407 3031 538 3080 exstitisset
546 3043 638 3088 coms,-
681 3033 755 3096 ptatis
768 3044 792 3080 et
803 3034 943 3081 mulieribus
954 3052 999 3099 per
1011 3039 1191 3091 matrimonium

130 3118 187 3166 vido
198 3118 230 3166 ad
240 3135 262 3165 e.
275 3118 320 3176 28,
329 3131 355 3162 n.
369 3128 392 3162 1.
408 3138 442 3150 ο·
456 3109 638 3174 Quinquaginta
682 3113 709 3158 in
726 3113 798 3159 aliam
818 3115 999 3161 transeuntibus
1015 3116 1137 3166 familiam.
1154 3149 1190 3159 .-

130 3197 208 3245 millia
218 3215 239 3246 c.
252 3195 358 3254 s.,·vide
370 3192 402 3241 ud
414 3207 467 3256 cup.
480 3198 566 3253 49,ιι.
578 3204 602 3250 9.
683 3191 723 3238 Sic
734 3191 799 3255 apud
812 3193 897 3240 Horat.
908 3193 1020 3250 111‚0d.
1032 3194 1056 3252 5,
1068 3212 1091 3242 v.
1103 3205 1191 3257 42,ue
1230 3237 1232 3241 .

166 3293 191 3339 9.
204 3277 232 3323 Si
243 3287 314 3323 tanta
325 3273 408 3325 clades
415 3271 490 3319 uilem
500 3270 638 3316 vitam'non
682 3270 769 3333 capitu
786 3270 879 3327 minem
894 3271 977 3336 ibique
994 3274 1079 3322 coufer
1094 3292 1191 3327 omnem

125 3347 639 3420 fecit3videadcap.4t,n.6.*·Demi·
682 3349 770 3412 Reguli
800 3349 950 3408 orationem,
974 3367 1081 3414 quacum
1103 3341 1190 3406 Maffi

131 3434 186 3480 ruiti
201 3433 296 3495 capite,
312 3433 346 3480 id.
364 3432 407 3494 qd.
423 3427 559 3477 abalienati
573 3426 639 3493 (pri-
683 3430 762 3476 oratio
776 3429 892 3491 temporis
903 3440 927 3476 et
938 3432 1110 3480 sententiarum
1124 3436 1190 3483 simi-

132 3510 192 3574 vati)
200 3511 258 3576 jure
271 3506 489 3574 (cunctisJuribus)
503 3507 589 3554 civium
601 3521 639 3552 ro·
680 3507 784 3555 litudine
804 3507 927 3554 multoties
947 3511 1068 3572 congruit.
1088 3512 1133 3560 En,
1154 3542 1190 3552 ..

132 3607 271 3641 manorum·
294 3579 353 3654 (Itu
372 3592 422 3638 fere
443 3591 508 3655 pr.
527 3591 568 3646 ΙΙ,
592 3603 637 3648 12,
682 3589 744 3634 Mox
751 3599 811 3648 post
816 3587 895 3650 paulo
907 3603 953 3651 pro
963 3588 1109 3652 vulg.paulo
1116 3604 1187 3656 post,

132 3669 352 3740 ἀπηλλοτριωμένοι
362 3670 405 3726 τῆς
416 3669 552 3725 πολιτείας,
562 3670 640 3716 Baue-
682 3677 710 3712 ut
717 3665 821 3729 passim3
832 3665 890 3712 vide
899 3667 1060 3713 Gronovium.
1075 3669 1147 3718 conf,
1157 3670 1190 3720 aa

132 3749 194 3814 rue.)
211 3751 276 3798 Nam
290 3757 366 3812 caput
378 3747 502 3794 dicebatur
516 3757 592 3794 status
605 3745 639 3792 ci·
682 3743 720 3805 11,
741 3745 785 3802 31,
802 3760 827 3792 u.
844 3756 869 3790 ι.
890 3744 929 3791 Sic
946 3755 970 3791 et
988 3743 1095 3808 asperius
1109 3751 1188 3811 paulo

133 3831 182 3887 vis,
192 3841 217 3876 et
225 3842 319 3876 summa
323 3826 416 3888 jurium
424 3826 488 3884 cium
497 3839 575 3888 eoque
584 3840 640 3872 eon·
682 3823 726 3870 lib.
734 3823 862 3880 xxm,
876 3837 930 3885 cap.
942 3838 964 3881 r,
976 3839 999 3869 n.
1013 3823 1041 3880 3,
1055 3835 1079 3872 et
1091 3825 1137 3875 alu
1149 3829 1189 3878 bis

133 3908 274 3955 sinebantur
285 3906 385 3970 tupi-im.
396 3904 507 3963 libertas,
517 3904 602 3952 civius
616 3914 641 3950 et
684 3901 778 3950 similia

31 4029 33 4034 .
134 3986 231 4034 familia.
247 3984 420 4032 Demiuutioue
432 3983 519 4047 capitis
531 3982 642 4030 maxima
722 3995 762 4027 ιο.
779 3979 858 4040 Quam
869 3993 913 4043 ego
925 3978 1048 4042 inmotam
1058 3997 1140 4032 eorum
1153 4003 1194 4035 ac.

134 4065 306 4113 amittebantur
316 4063 369 4112 haec
382 4062 480 4122 omniu,
493 4063 642 4128 precipue·
685 4076 754 4117 cuso,
768 4058 841 4121 quid,
856 4058 948 4121 quare?
961 4083 997 4094 ·-
1015 4060 1065 4109 Sed
1080 4064 1191 4114 obsistere

256 4157 322 4222 IV.
979 4171 1020 4243 17
