2782 4568
189 281 309 383 5223}
336 301 489 370 elasa
515 302 640 369 xxm
666 302 772 370 esp
795 305 936 372 xxvi
962 303 1121 374 xxvu.
1162 306 1228 402 193

163 425 291 495 viantis
310 424 477 518 injuriam
494 424 603 493 tulit:
628 426 857 548 acceptisque
878 427 915 494 iu
935 427 1015 525 ipso
1037 429 1167 499 itinere
1187 429 1231 498 li

162 537 248 606 teris
262 531 585 606 senatusconsulti3
597 535 642 606 de
655 550 796 659 aequato
814 535 987 633 imperia,
1004 539 1086 608 satis
1099 530 1251 623 fidens,

161 644 445 742 haudquaquam
455 669 538 715 cum
547 670 689 742 lmperu
694 671 776 741 Jure
784 661 898 717 artem
907 648 1110 746 smperandi
1119 673 1234 747 aequa

161 770 254 843 tam,
272 780 430 851 cumque
452 757 587 827 invicto
606 782 626 827 a
642 757 781 830 civibus
796 758 1036 858 hostibusque
1051 763 1171 831 animo
1187 760 1248 843 ad

163 868 359 937 exercitum
381 865 499 937 rediit.

209 967 349 1048 XXVIl.
372 981 551 1049 Minucius
570 1003 677 1069 vero,
698 1005 813 1076 quum
829 981 903 1075 jam
924 995 1008 1052 ante
1024 984 1083 1052 vix
1099 982 1231 1054 tolera-

161 1087 243 1158 bilis
256 1087 380 1160 fuisset
394 1090 560 1161 secundis
573 1090 683 1160 rebus
698 1115 738 1160 ac
752 1089 874 1163 favore
887 1092 1001 1188 vulgi,
1013 1107 1092 1163 tum
1103 1094 1229 1190 utique

161 1198 353 1271 immodice
370 1199 677 1297 immodesteque,
695 1227 771 1271 non
790 1202 992 1274 Hannibale
1010 1207 1124 1302 magis
1136 1207 1232 1275 victo

161 1308 208 1378 ab
227 1336 282 1398 se,
304 1335 417 1407 quam
433 1313 477 1400 Q.
496 1309 626 1397 Fabio,
645 1311 812 1406 gloriari:
829 1311 941 1382 Illum
951 1319 992 1382 in
1006 1315 1112 1386 rebus
1125 1341 1232 1413 aspe-

160 1424 207 1489 ris
230 1426 377 1490 unicum
403 1419 532 1490 ducem
554 1430 769 1515 (regnarem1
789 1422 979 1516 quaesitum
1004 1425 1228 1512 Hannibali,

160 1531 338 1623 majorem
353 1534 501 1615 minori,
519 1529 728 1600 dictatorem
743 1536 913 1625 magistro
929 1537 1109 1628 equitum,
1129 1537 1234 1631 quod
1328 1595 1331 1599 .

159 1637 263 1709 nulla
281 1645 454 1710 memoria
468 1637 841 1725 habeatannalium²‚
850 1643 1231 1741 jussupopulioequa-

160 1767 237 1821 tum
260 1757 296 1819 in
317 1749 445 1820 eadem
464 1755 623 1836 civitate,
649 1753 686 1818 in
707 1775 783 1846 qua
801 1757 958 1848 magistri
975 1759 1139 1850 equitum
1156 1763 1231 1826 uir-
1299 1848 1302 1853 Ι

157 1884 225 1954 gas
243 1885 444 1932 assecures
466 1852 648 1931 dictatoris
670 1873 820 1930 tremere
843 1877 951 1959 atque
972 1863 1119 1935 horrere
1138 1865 1234 1936 soliti

160 1977 250 2042 sint:
266 1976 454 2041 intantum
467 1971 791 2062 suamselieitatem
801 1978 1040 2070 uirtutemque
1054 1983 1228 2047 enituisse.

161 2085 257 2178 Ergo
280 2099 515 2178 aequaturum
541 2107 578 2153 se
595 2083 790 2170 fortunam
814 2108 937 2168 suam,
961 2091 998 2156 si
1019 2084 1231 2156 dictatoria

162 2197 387 2262 cunctatione
399 2218 445 2263 ac
456 2199 620 2288 segnitie,
635 2193 785 2263 deorum
797 2191 1229 2290 bominumque³Jitdicio

160 2301 357 2386 damnata,
381 2319 568 2400 perstaret.
596 2309 745 2400 Itaque,
766 2328 841 2400 quo
867 2302 926 2373 die
954 2306 1110 2400 primum
1140 2330 1229 2376 con-

161 2437 301 2508 gressus
325 2429 378 2483 est
403 2440 485 2485 cum
511 2418 556 2503 Q.
577 2414 703 2504 Fabio,
725 2415 953 2486 statuendum
974 2421 1136 2485 omnium
1147 2423 1228 2514 pri-

198 2635 221 2682 3.
238 2633 323 2682 literis
341 2633 542 2680 senatusconsulti
553 2650 562 2678 :
577 2633 674 2697 planius
718 2632 787 2679 dinat
795 2631 956 2699 satisfidens,
967 2649 1070 2696 cumque
1080 2633 1167 2682 invicto
1178 2635 1231 2682 ani-

110 2708 112 2713 ’
160 2713 262 2785 qnidam
282 2715 345 2762 MSS
367 2714 404 2762 lit.
425 2723 530 2759 senatus.
558 2712 606 2759 Sed
630 2729 674 2758 cur
717 2729 757 2759 mo
766 2711 841 2768 redit,
853 2723 895 2760 aut
905 2713 964 2776 legit
974 2729 1029 2758 curn
1038 2704 1107 2778 aque
1116 2714 1211 2764 inuicto.

160 2809 247 2840 omnes
256 2794 305 2840 fere
314 2794 370 2840 libri
380 2791 496 2840 exhibent
508 2790 623 2847 comaclu,
635 2790 674 2837 vel
753 2791 814 2839 Car.
829 2792 938 2839 XXVII.
952 2807 973 2839 r.
991 2791 1093 2838 Unicum
1102 2792 1187 2840 ducem
1199 2811 1230 2841 ac

158 2873 185 2919 S.
199 2873 250 2921 C..³
263 2900 299 2910 —
313 2873 400 2920 Literis
412 2881 510 2918 senatus
523 2869 674 2933 consulesque
700 2912 702 2915 ,
714 2885 817 2934 penem,-
829 2870 887 2918 vide
899 2869 930 2917 ad
938 2872 1001 2929 vn,
1018 2871 1063 2928 33,
1073 2887 1098 2919 n.
1112 2887 1133 2917 1.

159 2954 227 3013 conj.
238 2953 329 3000 Stroth.
340 2964 364 2999 et
375 2950 450 2999 literis
460 2960 606 3011 senatusque
618 2963 673 2997 ean·
753 2965 777 2995 n.
793 2948 866 3011 Quod
877 2950 947 2996 nulla
956 2949 1072 2996 memoria
1084 2947 1176 2995 lrabeat
1184 2966 1229 2995 an-

158 3032 223 3080 tulto
235 3030 278 3095 (ut
287 3043 343 3080 ante
352 3030 454 3093 scitique
458 3026 551 3092 plebis)
561 3027 671 3074 Gronov.
716 3027 825 3085 nulium
847 3029 933 3075 confer
948 3027 1039 3092 Polyb.
1058 3028 1109 3085 111,
1126 3028 1186 3087 103,
1205 3038 1230 3075 ct

160 3111 204 3174 qui
221 3111 293 3158 ctiam
311 3120 408 3165 monet,
425 3119 483 3172 post
500 3108 579 3171 legem
593 3108 673 3153 Hora·
716 3107 780 3155 Plut.
795 3107 853 3154 Feb.
872 3123 927 3171 pag.
944 3120 1004 3166 179,
1026 3106 1069 3168 qui
1087 3105 1159 3168 etiam
1175 3119 1229 3154 mo·

159 3190 232 3249 tiam,
249 3207 291 3238 sen
303 3189 472 3247 Hortensium,
486 3186 672 3251 plebiscitorum
715 3198 786 3245 nent,
807 3197 866 3234 tunc
887 3185 994 3249 primum
1007 3183 1075 3231 'duos
1096 3184 1227 3232 dictatores

159 3272 243 3318 Patres
262 3271 340 3318 factos
358 3280 484 3327 auctores,
497 3278 535 3326 et,
550 3277 577 3313 ut
592 3264 672 3329 plebis
715 3277 826 3329 tempore
841 3278 891 3311 uno
907 3263 996 3324 fuisse3
1010 3279 1060 3326 quo
1078 3273 1158 3310 tamen
1175 3280 1228 3312 non

159 3350 286 3399 eluderent
304 3350 486 3408 auctoritatem,
502 3347 586 3394 eadem
604 3360 673 3392 sena·
716 3356 772 3392 ante
782 3359 846 3392 enno
862 3343 912 3390 536
926 3343 1017 3388 lactum
1030 3346 1091 3399 esse,
1103 3341 1162 3388 dicit
1171 3343 1224 3391 Liv.

159 3429 320 3477 tusconsultls
334 3427 498 3476 confirmasse.
516 3425 588 3475 Conf.
601 3423 632 3470 ad
644 3425 671 3482 1,
715 3426 814 3481 XXIII,
823 3424 855 3470 23
863 3437 901 3485 pr.
906 3421 968 3469 Nam
976 3421 1065 3468 Fabius
1071 3431 1095 3467 et
1101 3420 1227 3469 Minucius

163 3524 204 3568 17,
217 3509 285 3568 n.6,
297 3520 322 3557 et
333 3511 392 3567 XL,
405 3515 446 3565 tr,
459 3523 484 3553 n.
498 3505 673 3566 7.—Grono-
715 3519 801 3568 propr.
813 3518 860 3567 pro
877 3501 1012 3560 dictatore,
1025 3501 1064 3547 vel
1077 3492 1227 3563 prodictato·

159 3587 257 3635 viariam
270 3587 401 3635 lectionem
413 3602 468 3633 cum
478 3584 593 3632 CreverIo
605 3597 673 3629 com·
717 3600 755 3630 res
764 3594 844 3641 erant3
855 3581 906 3629 vid.
916 3597 940 3628 c.
952 3581 966 3627 8
979 3591 1003 3628 et
1014 3581 1054 3627 31.
1067 3605 1103 3614 ·-
1114 3579 1227 3642 Maffl'stri

159 3665 305 3730 probamus3
317 3682 363 3713 nec
373 3665 461 3712 mirere
470 3661 673 3711 senatusconsulti
717 3679 771 3726 equ.
783 3662 868 3727 uirgas
880 3677 911 3706 ac
922 3674 1014 3707 secures
1028 3657 1112 3704 dictat.
1127 3668 1226 3704 tremere

159 3746 310 3793 mentionem
316 3744 370 3794 lieri
376 3746 401 3790 in
411 3761 437 3791 re
445 3760 489 3807 per
495 3743 592 3807 plebem
598 3752 675 3788 trans·
718 3753 791 3806 atque
805 3739 902 3786 horrere
919 3737 991 3801 (vide
1003 3737 1035 3784 ad
1046 3733 1120 3794 XXI,
1138 3737 1185 3796 63,
1201 3753 1226 3786 n.

159 3834 228 3882 acta,
238 3836 265 3871 ut
282 3825 345 3872 bene
361 3824 457 3871 notavit
471 3821 618 3870 Gronovius.
628 3821 672 3866 En.
720 3820 766 3885 15)
780 3819 863 3874 soliti‚·
878 3816 963 3864 confer
971 3816 1043 3874 VIII,
1057 3817 1088 3862 32
1103 3832 1153 3879 seq.

158 3931 195 3940 —
211 3903 318 3968 Cumque
328 3904 415 3952 inuicto
427 3920 437 3950 .·
450 3903 478 3954 τὸ
492 3917 538 3965 que
550 3900 673 3948 damnavit
753 3900 776 3946 3.
800 3900 907 3944 Deorum
923 3893 1094 3957 hominumque
1106 3894 1227 3960 judicio:

158 3985 272 4031 Gronov.
287 3997 311 4032 et
325 3996 431 4048 quatuor
447 3983 509 4029 MSS
529 3981 673 4028 auctoritate
716 3994 773 4026 nam
784 3977 820 4024 illi
834 3974 946 4024 Minucio
958 3972 1074 4022 dederant
1083 3973 1226 4034 simonem,

158 4074 242 4111 motus
259 4064 349 4114 delevit
365 4064 457 4112 Stroth.
473 4061 521 4111 Sed
535 4061 620 4108 Bauer.
633 4074 672 4106 or·
716 4057 805 4118 hijura
818 4053 951 4108 dictatoris.

284 4155 351 4220 IV.
457 4183 460 4191 ·
580 4159 582 4164 ’
1017 4100 1070 4207 13¹
