2782 4568
163 352 233 440 436
587 352 626 417 r.
660 351 804 419 Livii
972 421 980 433 ,
1090 330 1229 430 atet

162 479 397 573 Hippocrates
413 485 521 567 atque
534 468 727 568 Epicydes3
746 466 1032 563 serebanturque
1048 467 1253 566 colloquia

162 613 227 686 per
251 584 478 684 propinquos
499 582 751 680 popularium,
773 582 895 677 quiin
920 581 1087 651 exercitu
1111 596 1250 672 erant,

161 711 203 767 ut
217 709 340 792 portas
359 693 559 790 aperirent,
574 692 808 788 sinerentque
827 715 1061 767 communem
1079 693 1252 788 patriam

162 805 309 878 defendi
321 803 366 875 ab
381 807 518 902 impetu
533 809 791 875 Romanorum.
806 807 901 892 Jam,
915 803 997 873 unis
1011 799 1168 875 foribus
1183 809 1249 877 He

161 918 279 1015 xapyli
304 916 435 1013 apertis
451 912 478 1003 ³,
502 915 613 1013 coepti
636 929 739 985 erant
760 914 892 1009 recipi,
917 936 1030 1008 quum
1057 929 1248 1010 praetores

162 1030 445 1099 intervenerunt.
473 1032 519 1098 Et
544 1028 663 1124 primo
687 1028 841 1124 imperio
867 1027 1069 1122 minisque,
1100 1025 1247 1101 deinde

162 1139 395 1225 auctoritate,
422 1136 663 1225 deterrendo,
692 1152 899 1234 postremo,
925 1149 967 1205 ut
991 1135 1120 1204 omnia
1149 1162 1248 1209 vana

163 1264 283 1336 erant,
301 1247 407 1319 obliti
424 1248 636 1343 majestatis,
656 1245 825 1345 precibus
845 1244 1013 1342 agebant,
1029 1271 1081 1316 ne
1101 1248 1247 1342 prode-

161 1374 242 1431 rent
262 1359 412 1457 patriam
433 1359 578 1455 tyranni
599 1371 682 1428 ante
701 1355 931 1443 satellitibus,
950 1370 986 1426 et
1003 1371 1087 1425 tum
1105 1380 1247 1429 corru-

161 1466 328 1566 ptoribus
356 1470 545 1551 exercitus.
571 1467 641 1539 Sed
668 1466 785 1539 surdae
807 1465 852 1536 ad
874 1466 950 1537 haec
975 1466 1103 1534 omnia
1131 1492 1247 1541 aures

161 1581 347 1650 concitatae
372 1578 615 1649 multitudinis
639 1591 765 1664 erant,
793 1601 861 1647 nec
884 1577 1024 1646 minore
1052 1575 1164 1648 intus
1189 1579 1248 1668 vi,

161 1712 272 1787 quam
289 1687 395 1776 foris,
413 1703 527 1785 portae
542 1685 846 1784 effringebantur3
863 1683 1098 1780 effractisque
1118 1689 1246 1758 omni-

161 1797 249 1886 bus,
264 1812 382 1888 totum
401 1799 590 1895 Hexapylo
606 1822 732 1895 agmen
748 1810 934 1893 receptum
951 1810 1005 1866 est
1015 1799 1041 1865 4.
1058 1801 1246 1871 Praetores

160 1907 199 1975 in
210 1906 447 1976 Achradinam
458 1929 540 1976 cum
548 1906 740 2001 juventute
751 1907 979 2004 popularium
992 1905 1244 2004 confugiuntx

162 2017 374 2087 mercenarii
388 2016 521 2088 milites
535 2017 785 2116 perfugaeque,
801 2032 835 2088 et
852 2016 1028 2113 quidquid
1044 2020 1245 2114 regiorum
1311 2046 1313 2079 τ

163 2126 317 2196 militum
343 2129 523 2223 Syracusis
545 2142 643 2215 erat,
668 2152 797 2224 agmen
822 2127 980 2197 hostium
1007 2146 1163 2224 augent.
1190 2137 1245 2203 Ita

163 2235 367 2306 Achradina
378 2262 529 2334 quoque
541 2238 659 2334 primo
673 2239 809 2335 impetu
822 2238 972 2334 capitur,
983 2251 1244 2339 praetoresque

162 2346 176 2441 (
187 2347 255 2416 nisi
270 2345 334 2443 qui
353 2347 665 2418 intertumultum
682 2345 925 2444 effugerunt),
944 2370 1073 2416 omnes
1092 2349 1242 2422 interfi-

162 2456 316 2525 ciuntur.
335 2461 415 2529 Nox
430 2455 589 2528 caedibus
605 2456 715 2528 finem
732 2455 828 2526 feeit.
841 2462 987 2526 Postero
1001 2457 1060 2526 die
1078 2463 1180 2530 servi
1194 2461 1241 2532 ad

161 2565 296 2660 pileum
317 2567 435 2636 vocati
447 2563 473 2653 ⁵,
495 2582 531 2636 et
552 2592 695 2639 carcere
715 2568 826 2637 vincti
847 2568 981 2653 emissi3
1003 2567 1240 2668 confusaque

160 2672 237 2744 haec
267 2677 383 2745 omnis
413 2676 611 2774 multitudo
640 2679 883 2775 Hippocraten
913 2693 1022 2774 atque
1043 2681 1239 2777 Epicyden

146 2793 285 2854 'creant
307 2798 497 2881 praetores3
522 2789 796 2884 Syracusaeque,
816 2812 929 2884 quum
948 2786 1058 2885 breve
1081 2804 1239 2890 tempus

161 2891 307 2964 libertas
317 2892 525 2983 affulsisset,
539 2897 577 2966 in
592 2899 776 2992 antiquam
787 2898 994 2968 servitutem
1002 2898 1235 2988 reciderunt,

208 3007 374 3076 XXXIII.
396 3011 479 3075 Haec
506 3008 673 3080 nuntiata
691 3001 806 3104 quum
830 3023 948 3078 essent
968 3013 1168 3099 Romanis,
1191 3039 1238 3085 ex

158 3217 232 3277 siliia;
246 3219 320 3267 Doer.
335 3242 371 3255 -z-
382 3219 427 3265 Ad
433 3219 670 3282 Heuapylmuide
713 3235 815 3282 nemque
825 3235 918 3276 omues,
932 3231 961 3268 ut
971 3221 1074 3276 XXXI,
1088 3223 1132 3277 45.
1146 3227 1236 3273 Mace·

157 3296 189 3344 ad
205 3312 259 3360 cap.
274 3297 388 3355 21,n.3.
714 3297 804 3346 donum
822 3298 880 3365 sere
901 3300 1010 3346 omnibus
1033 3312 1057 3346 et
1080 3302 1236 3365 quibusdam

195 3376 219 3422 3.
238 3375 296 3422 Uuis
304 3373 404 3439 foribus
420 3376 547 3440 Hexapyli
562 3375 670 3439 apertis:
715 3377 873 3425 Andriorum.
892 3381 929 3425 Ita
949 3390 973 3425 et
994 3378 1077 3424 cuncti
1100 3397 1129 3428 ac
1152 3400 1237 3448 grau

88 3449 94 3458 ’
157 3469 214 3501 nam
230 3470 274 3501 sex
289 3465 372 3502 erant:
387 3454 452 3501 uude
465 3471 524 3502 mox
537 3467 619 3518 portae
634 3454 668 3520 ef·
712 3460 819 3518 πάντες,
836 3458 927 3506 Scheff.
941 3458 1091 3507 CfWeseel.
1107 3460 1140 3507 ad
1156 3464 1236 3512 Diod.

155 3532 326 3598 fringebautur
334 3547 423 3579 omnes.
433 3535 472 3582 Cf.
481 3534 512 3580 ad
523 3550 544 3581 c.
557 3551 600 3591 ar,
610 3551 635 3584 n.
644 3537 668 3584 3.
712 3536 766 3585 init.
776 3548 799 3584 et
810 3537 840 3583 ad
851 3538 935 3600 Eclog.
942 3555 967 3601 p.
977 3538 1035 3597 532.
1046 3538 1096 3584 Sed
1105 3539 1155 3588 alia
1162 3544 1237 3591 νοοῖ·

192 3620 215 3668 4.
224 3613 309 3659 Totum
317 3613 447 3676 Hexapylo
456 3629 542 3678 agmen
549 3626 670 3677 receptum
713 3632 795 3663 omues
809 3617 917 3680 genitivo
930 3619 1022 3677 junctae
1038 3621 1154 3684 exempla
1170 3622 1237 3671 desis

155 3703 191 3739 est
201 3692 300 3755 reposui
315 3707 371 3740 cum
380 3693 471 3741 Stroth.
491 3709 505 3740 e
523 3694 668 3753 conj.Crev.
714 3695 840 3754 derantur,
852 3707 877 3743 et
889 3696 915 3742 h.
926 3696 944 3746 l.
958 3713 1019 3744 unus
1031 3707 1132 3746 tautum
1143 3702 1194 3749 Ms
1212 3703 1237 3751 ei

154 3780 178 3816 et
187 3770 279 3818 Dukeri
288 3786 335 3835 pro
346 3785 352 3820 :
363 3782 415 3818 tuto
425 3771 450 3819 fn
461 3772 603 3836 Hexapylo,
615 3773 667 3832 vel,
712 3773 794 3822 favet:
809 3774 875 3822 unde
891 3785 915 3821 et
931 3775 992 3822 illud
1008 3777 1180 3826 Macedonum
1193 3782 1238 3833 vel

156 3846 224 3909 quod
237 3851 282 3898 Ms
297 3854 353 3899 Put.
367 3850 483 3908 exhibet,
501 3862 552 3898 tuto
570 3852 600 3898 H.
615 3851 667 3898 slue
711 3853 825 3911 librario,
841 3853 880 3900 vel
895 3853 973 3902 doctae
985 3854 1079 3914 manui,
1092 3856 1120 3904 id
1133 3865 1237 3927 accorqss

155 3930 191 3993 τῷ
203 3925 236 3975 in.
246 3929 309 3976 Mox
322 3946 367 3994 pro
375 3942 552 3994 praetoresque.
560 3946 666 3978 ..omnes
709 3932 820 3980 medanti
832 3938 868 4003 τῷ
879 3932 1029 3980 Andriorum
1043 3945 1066 3980 et
1079 3929 1237 4000 elegantiam

155 4003 333 4071 interficiuntur
342 4009 464 4058 Drakenb.
477 4010 593 4058 suadente
608 4013 663 4058 Jac.
709 4013 771 4060 forte
781 4013 902 4076 captanti,
918 4012 1073 4060 tribuendum
1081 4015 1197 4068 videtur.

155 4085 232 4132 Grau.
250 4100 264 4130 o
284 4086 341 4133 cod.
361 4089 473 4137 cantabr.
491 4089 559 4137 dedit
571 4101 663 4153 prato·
744 4091 770 4138 5.
780 4092 990 4150 Serri...vocati,·
1000 4092 1054 4142 rid.
1065 4110 1088 4143 c.
1103 4098 1151 4155 16,
1166 4114 1195 4148 n.
1206 4114 1233 4161 9.
