2782 4568
173 272 296 378 312333:
404 292 555 359 mum
585 293 688 358 xxi.
717 290 821 357 car.
847 292 945 357 uxr.
1139 268 1204 359 1¹23

148 410 278 482 drubal
307 409 448 497 aderat;
479 424 534 498 et,
561 410 754 507 Ilergetum
783 410 944 508 populo,
972 410 1036 504 qui
1063 409 1206 484 obsides

148 508 305 618 Scipioni
316 520 480 604 dederat,
493 519 538 590 ad
548 520 787 592 desectionem
799 520 972 616 impulso,
985 544 1205 591 cumeorum

147 633 308 727 ipsorum
325 622 515 723 juventute
535 655 638 728 agros
657 631 817 703 fidelium
838 632 1007 701 Romanis
1024 631 1206 701 sociorum

146 755 268 810 vastat.
289 741 412 811 Excito
427 740 558 811 deiude
573 743 738 839 Scipione
758 741 940 827 hibernis,
958 754 1038 811 toto
1057 741 1107 810 cis
1126 739 1206 813 Ibe·

146 876 227 920 rum
254 876 378 921 rursus
401 851 496 922 cedit
517 877 613 948 agro.
642 854 779 948 Scipio,
802 852 962 922 relictam
987 849 1032 920 ab
1060 864 1207 922 auctore

147 960 381 1032 defectionisl
397 962 591 1059 Ilergetum
607 977 752 1058 gentem
767 987 880 1059 quum
895 960 1027 1032 infesto
1046 963 1207 1032 exercitu

146 1072 350 1158 invasisset,
373 1073 568 1169 compulsis
596 1072 765 1142 omnibus
794 1072 1027 1170 Atbariagiam
1055 1071 1205 1156 urbem,

117 1173 119 1177 ’
147 1206 226 1278 quae
249 1198 358 1280 caput
382 1185 459 1279 ejus
484 1184 611 1280 populi
634 1199 730 1271 erat,
755 1182 1013 1254 circumsedit:
1038 1183 1206 1277 intraque

147 1290 223 1363 dies
242 1318 394 1389 paucos,
414 1292 580 1390 pluribus
605 1318 716 1389 quam
740 1309 823 1364 ante
844 1292 1031 1363 obsidibus
1052 1296 1207 1388 impera-

146 1403 212 1489 tis,
232 1403 420 1500 Ilergetes,
439 1405 593 1499 pecunia
611 1405 717 1474 etiam
738 1405 950 1490 mulctatos,
969 1406 1007 1473 in
1024 1405 1083 1499 jus
1101 1401 1207 1472 ditio·

145 1535 304 1608 nemque
326 1515 462 1610 recepit
471 1511 493 1583 ⁵.
520 1513 609 1583 Inde
629 1515 667 1582 in
684 1517 884 1584 Ausetanos
900 1539 1017 1612 prope
1039 1513 1207 1597 Iberum,

145 1624 263 1690 socios
284 1637 319 1691 et
341 1625 436 1719 ipsos
455 1629 666 1726 Poenorum,
685 1623 873 1719 procedit:
897 1638 1022 1719 atque,
1043 1620 1135 1692 urbe
1155 1644 1211 1690 eo

145 1754 228 1798 rum
252 1730 417 1819 obsessa,
450 1738 648 1803 Lacetanos
677 1734 848 1804 auxilium
870 1733 1030 1802 finitimis
1053 1731 1207 1802 ferentes

145 1854 277 1925 nocte,
309 1840 407 1910 haud
434 1843 562 1939 procul
582 1843 656 1938 jam
686 1842 803 1930 urbe,
833 1867 948 1939 quum
972 1843 1107 1912 intrare
1131 1839 1207 1912 vel·

147 1948 251 2038 lent,
287 1953 428 2048 excepit
453 1952 599 2022 insidiis
634 1958 731 2024 Caesa
763 1952 808 2023 ad
841 1950 1033 2022 duodecim
1059 1950 1170 2020 millia
1198 1976 1206 2017 ε

147 2062 245 2129 exuti
260 2084 362 2157 pane
378 2087 505 2133 omnes
524 2065 649 2150 armis,
667 2064 794 2133 domos
812 2063 943 2158 passim
964 2059 1126 2158 palantes
1144 2081 1211 2154 per

148 2193 249 2265 agros
266 2169 460 2268 diffugere3
477 2198 544 2244 uec
560 2172 726 2244 obsessos
740 2171 808 2240 alia
825 2169 898 2239 ulla
911 2192 988 2250 res,
1009 2188 1118 2262 quam
1137 2164 1208 2232 ini-

148 2304 220 2375 qua
243 2280 539 2378 oppugnantibus
567 2283 698 2370 hiems,
726 2277 923 2350 tutabatur.
949 2275 1108 2370 Triginta
1133 2272 1209 2342 dies

149 2387 290 2460 obsidio
310 2389 378 2460 fuit
399 2418 405 2460 :
428 2418 493 2489 per
511 2416 604 2489 quos
620 2416 702 2462 raro
720 2413 883 2484 unquam
903 2388 965 2456 nix
981 2386 1102 2454 minus
1121 2406 1211 2478 qua·

149 2514 232 2569 tuor
257 2501 367 2597 pedes
392 2500 484 2572 alta6
505 2504 617 2598 jacuit
644 2529 651 2570 :
677 2501 842 2597 adeoque
864 2497 1007 2595 pluteos
1025 2518 1066 2564 ac
1086 2495 1207 2563 vineas

147 2613 391 2680 Romanorum
409 2628 616 2710 operuerat,
632 2626 673 2682 ut
687 2637 727 2681 ea
743 2611 834 2698 sola,
854 2608 997 2706 ignibus
1017 2605 1208 2702 aliquoties

150 2721 318 2812 conjectis
330 2721 375 2791 ab
389 2722 510 2812 hoste,
521 2725 628 2793 etiam
640 2736 883 2794 tutamentum
895 2719 1014 2791 luerit.
1026 2724 1209 2789 Postremo

150 2853 267 2923 quum
276 2835 456 2904 Amusitus
471 2834 641 2931 princeps
654 2858 780 2904 eorum
796 2832 840 2903 ad
852 2829 1111 2902 Hasdrubalem
1126 2851 1212 2925 pro·

151 2937 312 3034 fugisset,
329 2944 454 3040 viginti
473 2945 611 3041 argenti
635 2944 778 3014 talentis
799 2943 894 3039 pacti
915 2940 1107 3011 deduntur.
1125 2941 1155 3004 T
1157 2958 1214 3004 ar·

150 3073 322 3121 raconem
341 3055 378 3123 in
396 3053 549 3125 hiberna
566 3054 722 3125 reditum
739 3066 804 3124 est.

148 3247 285 3311 profectus,
294 3261 340 3298 etc.
350 3250 583 3316 Ilm-Emporium
592 3267 616 3297 v.
627 3249 658 3297 ad
702 3247 793 3295 Lerida
803 3248 871 3311 (quae
880 3247 986 3309 primum
993 3240 1145 3295 Athanasius,
1157 3255 1213 3302 qua-

150 3341 203 3390 cap.
216 3330 250 3375 60
263 3345 301 3392 pr.
703 3327 724 3373 si
736 3338 825 3374 aeterna
838 3323 910 3380 urbs,
932 3324 1062 3377 actaeis,
1084 3331 1108 3367 et
1124 3318 1211 3366 deinde

186 3412 210 3460 4.
222 3407 301 3470 Scipio
313 3407 421 3456 relictam
440 3410 471 3457 ab
485 3419 585 3455 auctore
594 3406 659 3471 defe-
703 3406 787 3452 Ilerda
804 3404 836 3452 sit
855 3400 947 3465 dicta),
968 3401 1078 3448 Strothio
1096 3401 1211 3458 Aytona,

149 3483 249 3541 ationis,
261 3486 426 3546 Hasdrubal03
441 3489 483 3551 qui
495 3489 584 3535 iterum
593 3498 660 3534 trans
705 3483 837 3533 Cataloniae
853 3497 913 3546 opp.
929 3480 995 3527 haud
1011 3479 1084 3541 longe
1096 3477 1127 3524 ab
1139 3476 1211 3522 Ibero

149 3562 247 3610 Iberum
265 3581 290 3611 ae
306 3578 441 3630 receperat,
463 3566 592 3631 Ilergetum
600 3580 659 3629 gen·
704 3567 786 3612 situm.

150 3653 211 3698 lem,
228 3660 283 3706 quae
302 3646 336 3692 cis
350 3646 447 3693 Iberum
459 3656 505 3693 est.
522 3646 559 3693 De
569 3645 660 3709 Ilerge·
741 3644 764 3690 5.
775 3645 804 3690 In
813 3642 856 3707 jus
866 3640 1028 3700 dicionemque
1040 3634 1144 3698 νεωρίῳ
1157 3633 1214 3681 vide
1268 3630 1282 3704 ι’

151 3720 212 3767 tibus
231 3723 287 3770 vide
305 3723 336 3770 ad
354 3740 408 3787 cap.
422 3726 467 3783 23,
487 3741 512 3771 n.
535 3740 557 3770 1.
582 3723 661 3787 Caput
704 3723 735 3769 ad
744 3723 854 3779 XXXV,
867 3721 945 3777 16,n.
960 3725 1022 3772 4.-
1035 3717 1064 3760 Iu
1076 3717 1212 3761 Ausetanos

150 3815 234 3847 eorum
248 3817 306 3849 mox
326 3802 415 3850 dicitur
429 3802 586 3867 Athanagia,
606 3817 660 3864 quae
706 3803 893 3855 ...Lacetanos,
913 3795 970 3842 vide
983 3793 1014 3840 ad
1026 3811 1079 3858 cap.
1091 3794 1137 3853 23,
1151 3809 1176 3840 n.
1191 3808 1212 3839 1.

150 3880 276 3927 nonnullis
305 3881 380 3928 fuisse
414 3880 511 3929 videtur
541 3880 661 3928 hodierna
705 3880 767 3926 Mox
779 3874 953 3924 malimtlraud
958 3874 1048 3938 procul
1058 3873 1127 3930 urbe,
1139 3889 1213 3936 quum

150 3959 267 4006 Manresa
273 3995 281 4017 ,
299 3960 342 4007 sed
351 3959 469 4024 Taraphae
481 3963 603 4024 Tarraga,
616 3962 661 4007 Pe·
699 3959 756 4023 jam
769 3956 861 4004 lucrare
873 3954 970 4001 vellent.

151 4046 190 4084 tro
205 4024 325 4087 deblaroa
335 4039 408 4102 Hisp.
416 4040 453 4097 11,
463 4040 510 4095 αθ,
522 4049 546 4086 et
556 4038 660 4086 Cellnrio
741 4038 767 4084 6.
778 4035 831 4084 Nr'x
841 4051 871 4082 m.
882 4051 906 4098 q.
912 4050 939 4096 p.
950 4050 974 4080 a.
979 4049 1020 4090 ;v.
1031 4033 1082 4090 111,
1092 4033 1139 4089 64,
1149 4047 1174 4078 n.
1187 4029 1210 4075 5.
