2782 4568
211 365 278 436 292
636 337 674 402 r.
709 336 845 402 citu
1127 314 1261 420 attat

208 461 352 560 phanti,
366 473 402 530 et
416 458 554 555 argenti
568 456 681 525 multa
696 456 848 541 talenta3
866 455 1091 552 dictatorque
1106 481 1190 528 curn
1207 465 1287 532 Ma·

208 597 303 670 gone
313 572 351 641 in
359 570 569 666 Hispaniam
580 568 783 663 premissus
793 580 845 638 est
853 565 898 637 ad
908 567 1144 642 conducenda
1152 572 1287 667 viginti

206 681 318 752 millia
337 680 522 778 peditum,
541 690 700 774 quatuor
720 678 905 773 equitum,
925 676 1058 772 quibus
1077 681 1283 769 exercitus,

205 795 269 891 qui
283 794 321 862 in
335 791 453 878 Italia,
469 790 607 886 quique
622 789 659 858 in
677 789 847 885 Hispania
867 802 985 876 erant,
1003 790 1282 886 supplerentur.

253 907 344 974 XIV.
361 905 540 971 Caeterum
559 898 652 986 haec,
667 914 709 969 ut
723 899 761 967 in
778 897 944 969 secundis
958 896 1066 969 rebus
1076 909 1101 985 ¹,
1119 901 1284 995 segniter

205 1016 396 1109 otioseque
414 1026 522 1109 gesta.
539 1015 738 1095 Romanos,
755 1024 886 1106 praeter
903 1011 1046 1079 insitam
1062 1007 1283 1082 industriam

205 1125 351 1208 animis,
371 1120 518 1192 fortuna
537 1123 645 1192 etiam
665 1122 828 1191 cunctari
850 1113 1089 1216 prohibebat:
1106 1145 1192 1191 narn
1211 1148 1283 1194 nec

205 1234 333 1305 consul
354 1232 419 1303 ulli
438 1233 492 1303 rei
507 1242 535 1321 ²,
553 1256 635 1328 quae
654 1255 722 1329 per
742 1255 826 1302 eum
849 1231 985 1329 agenda
1004 1247 1116 1320 esset,
1135 1230 1283 1321 deerat3

205 1358 242 1415 et
262 1343 417 1414 dictator
436 1346 484 1412 Μ.
509 1343 639 1413 Iunius
656 1347 744 1413 Pera
759 1338 785 1427 ³,
805 1340 916 1412 rebus
937 1341 1066 1411 divinis
1088 1341 1281 1438 perfectis,

205 1454 370 1551 latoque,
390 1467 432 1525 ut
451 1452 560 1549 solet,
573 1452 629 1524 -ad
648 1452 846 1549 populum,
867 1467 908 1522 ut
925 1476 1062 1547 equum
1080 1452 1281 1525 escendere

126 1554 129 1564 ’
204 1564 353 1650 liceret,
376 1577 506 1660 praeter
528 1561 617 1633 duas
638 1561 795 1633 urbanas
817 1563 978 1659 legiones
989 1565 1016 1649 ⁴,
1035 1586 1117 1658 quae
1141 1565 1282 1659 princi-

205 1675 273 1771 pio
294 1674 380 1744 anni
406 1698 426 1743 a
450 1671 662 1745 consulibus
683 1674 895 1769 conscriptae
908 1670 1081 1760 lucrant,
1097 1687 1133 1743 et
1156 1698 1281 1746 servo·

206 1807 289 1852 rum
308 1783 507 1868 delectum,
524 1784 766 1879 cohortesque
785 1809 829 1855 ex
848 1807 933 1880 agro
949 1785 1081 1880 piceno
1096 1797 1132 1852 et
1149 1784 1281 1879 gallico

206 1893 392 1980 collectaS‚
407 1892 452 1962 ad
465 1892 632 1963 ultimum
650 1916 766 1990 prope
782 1895 978 1989 desperatae
991 1891 1199 1990 reipublicae
1220 1919 1282 1966 au-

205 2001 354 2090 xilium,
377 2026 491 2098 quum
518 2001 672 2074 honesta
696 2001 847 2074 utilibus
873 2001 1025 2090 cedunt,
1047 2003 1239 2077 descendit
1252 2002 1279 2096 ⁵,

205 2210 236 2241 ex
256 2211 310 2260 cap.
331 2194 379 2250 ὃν,
397 2192 468 2239 infra.
485 2219 521 2229 -
541 2191 718 2257 Dictatorque;
764 2191 878 2239 dictatori
895 2207 947 2238 non
964 2191 990 2237 in
1008 2191 1089 2250 Urbe,
1104 2209 1183 2256 neque
1199 2195 1280 2259 prius-

205 2274 262 2321 vide
275 2273 306 2321 ad
319 2275 344 2331 1,
356 2287 402 2330 as,
415 2288 440 2319 n.
452 2280 475 2326 4.
763 2286 835 2333 quarn
845 2271 876 2317 ad
884 2269 974 2317 bellum
982 2270 1187 2333 proficisceretur,
1193 2289 1280 2322 aseen-

241 2353 300 2400 Cae.
311 2352 382 2398 XIV.
394 2366 417 2397 1.
434 2351 465 2396 Ue
475 2349 501 2396 in
511 2349 622 2397 secundis
633 2350 717 2405 reden
764 2349 820 2396 dere
833 2343 923 2413 equum
937 2349 1049 2407 licuisset
1061 2350 1087 2396 in
1102 2348 1169 2398 bello
1180 2363 1278 2412 autem,

206 2431 264 2479 vide
276 2432 308 2478 ad
319 2433 394 2490 vm,
413 2431 462 2488 30,
477 2447 502 2477 n.
517 2445 542 2488 7.
559 2456 593 2465 -
609 2427 719 2492 Segniter
762 2429 807 2475 etsi
821 2431 963 2477 Plutarchus
975 2429 1124 2477 contrarium
1138 2430 1227 2481 doceat
1241 2449 1279 2481 ve-

204 2510 331 2572 otioseque
341 2526 381 2573 g„
393 2508 460 2554 velut
473 2524 518 2570 per
533 2507 625 2564 otium,
639 2507 716 2565 lente,
764 2524 820 2554 nam
829 2509 1006 2568 obtusionem,
1019 2525 1073 2556 enm
1085 2525 1149 2572 equo
1159 2509 1216 2557 vehi
1225 2528 1279 2560 non

205 2588 273 2635 velut
284 2589 305 2633 si
316 2598 412 2649 tempus
421 2572 664 2648 sdperessetsslauer.
736 2638 738 2641 ,
763 2587 916 2652 prohihitum
934 2589 1023 2647 fuisse,
1039 2588 1114 2651 idque
1130 2587 1224 2652 liquere
1237 2593 1280 2640 vel

241 2663 719 2720 2.Namneccousulullirei...deerat,·
764 2683 795 2714 ex
815 2668 900 2727 Lirio,
923 2671 966 2726 11,
992 2683 1037 2729 19,
1061 2683 1111 2725 2⁰3
1136 2668 1276 2733 DionyeIo‚

208 2743 498 2800 videamusque.
762 2748 814 2805 VI,
832 2761 877 2805 11,
895 2762 941 2806 123
959 2749 1000 2805 X,
1019 2755 1067 2804 νή,
1085 2761 1157 2792 usum
1177 2748 1277 2811 equiin

242 2825 267 2871 3.
282 2822 394 2870 dictator
402 2823 438 2869 M.
449 2821 535 2868 Junr'us
545 2825 609 2868 Pera
613 2840 624 2879 ‚·
634 2823 719 2870 confer
761 2825 828 2872 bello
842 2842 907 2889 saepe
923 2825 1084 2873 necessarium
1099 2827 1122 2872 ei
1137 2842 1203 2883 esse,
1223 2843 1276 2876 non

206 2905 294 2964 XXII,
308 2901 527 2963 57.‡-Latoque,
540 2911 567 2947 ue
574 2901 636 2948 soles
645 2903 716 2962 ferri,
760 2905 819 2952 item
835 2905 863 2951 in
879 2904 960 2963 Urhe,
978 2903 1020 2951 sed
1038 2903 1065 2951 id
1077 2903 1174 2969 populo
1192 2905 1276 2954 foranu

206 2983 259 3040 Vel,
274 2991 302 3028 1¹2
312 2981 440 3038 XXXVI,
454 2981 499 3037 23>
511 2996 535 3026 ¹¹·
549 2995 575 3037 1;
589 2982 659 3038 XLI,
673 2989 716 3040 14,
760 2982 960 3052 τυραννικώτερον
977 2988 1067 3034 risum.
1084 2986 1136 3036 car
1148 3003 1207 3035 nero
1221 2987 1276 3038 lsoee

205 3077 230 3110 n.
241 3078 269 3120 ν,
284 3072 308 3108 et
318 3060 349 3107 al.
369 3059 421 3125 (aut
432 3071 459 3105 ut
472 3058 568 3106 adsolet
578 3061 716 3118 XXXVII,
760 3061 802 3111 lex
814 3064 845 3110 ad
858 3064 977 3128 populun
989 3063 1047 3109 ferri
1060 3063 1175 3111 solebat?
1187 3065 1276 3113 fortes·

206 3149 255 3199 14,
268 3157 293 3186 n.
305 3139 347 3202 3),
359 3139 520 3203 adpopulum
531 3137 592 3204 (rid.
603 3154 676 3202 supra
686 3139 717 3186 ad
761 3142 794 3189 sis
805 3155 833 3190 ue
842 3143 971 3208 imperinm
982 3143 1043 3207 ipsis
1053 3143 1157 3190 militare
1169 3144 1277 3192 comitiis

205 3223 234 3280 I,
251 3227 296 3278 dr,
314 3234 339 3265 n.
355 3233 402 3274 10,
416 3228 440 3264 et
454 3219 500 3275 IV,
516 3217 564 3276 58,
579 3234 604 3264 n.
620 3218 676 3282 ro),
691 3231 718 3265 nt
761 3222 860 3270 curiatis
869 3221 974 3280 deretur,
983 3222 1052 3284 quod
1059 3222 1107 3270 hoc
1117 3223 1167 3270 ritu
1176 3222 1276 3271 videtur

206 3305 294 3362 equum
308 3296 433 3345 escendere
447 3295 514 3361 (vide
527 3295 559 3343 ad
569 3298 608 3354 Π,
618 3311 642 3356 7,
652 3312 677 3343 n.
689 3295 717 3360 7)
761 3299 923 3366 significatum
935 3302 1024 3360 fuisse3
1036 3301 1125 3348 confer
1138 3301 1169 3348 ad
1182 3300 1275 3350 llbrun

207 3379 308 3425 liceret.-
322 3375 352 3422 de
366 3389 415 3437 quo
427 3375 494 3432 ritu,
506 3376 564 3422 satis
580 3375 643 3422 Iorte
655 3376 717 3422 enti·
760 3378 793 3439 V,
805 3396 858 3444 cap.
869 3381 914 3438 46,
929 3396 954 3426 n.
966 3382 990 3426 8.

205 3472 272 3520 quo,
287 3455 372 3502 saltem
392 3468 443 3499 non
461 3470 476 3500 a
494 3454 569 3500 Fabio
588 3454 715 3513 iustituto,
797 3467 821 3514 4.
838 3463 932 3506 Praeeter
949 3460 1012 3506 duas
1030 3460 1136 3506 urbanas
1154 3448 1273 3524 legiones,
1306 3501 1310 3505 .

206 3533 274 3600 quod
282 3549 408 3600 perperam
417 3547 449 3578 ex
458 3531 581 3580 Plutarch.
591 3533 649 3578 Feb.
660 3549 716 3596 pag.
760 3554 821 3600 quas
832 3538 891 3585 olim
902 3539 1052 3603 conscriptas
1062 3539 1149 3597 fuisse,
1161 3555 1212 3586 non
1224 3551 1274 3588 tra-

209 3617 268 3678 175‚
280 3606 473 3680 colligiturluhi
485 3616 580 3679 πρῶτον
591 3611 715 3679 ᾐτήσατο,
761 3616 825 3665 didit
831 3618 915 3664 Livius
921 3619 1010 3677 XXII,
1019 3619 1144 3665 ses-De
1152 3633 1275 3666 servorum

200 3694 310 3757 primum
312 3692 396 3756 petiit,
407 3703 537 3756 postquam
545 3691 718 3740 dictatorcrea-
762 3695 855 3742 delectu
866 3696 922 3744 vide
935 3698 1025 3755 XXII,
1037 3697 1078 3758 57.

205 3787 247 3822 tus
264 3777 357 3833 fuerat,
373 3790 427 3822 non
438 3776 533 3841 πρῶτος
549 3762 643 3837 dixit),
659 3774 716 3822 vide
798 3775 821 3820 5.
833 3775 877 3821 Ad
884 3775 993 3822 ultimum
998 3792 1077 3839 prope
1086 3776 1221 3839 desperate·
1228 3778 1274 3826 rei-

206 3852 301 3898 Manut.
316 3852 347 3898 de
359 3853 416 3915 Leg.
427 3853 473 3898 c.5
480 3869 486 3910 ;
500 3851 592 3899 Gruch.
604 3852 635 3898 de
645 3850 714 3900 Com.
753 3852 861 3917 publice
876 3855 997 3902 arcadium
1011 3853 1094 3919 (quod
1107 3870 1167 3902 mox
1179 3871 1274 3904 memo·
1318 3899 1319 3902 ,

205 3929 338 3988 nomm,
349 3946 377 3988 ²3
388 3930 456 3994 PIgh.
467 3932 533 3979 Ann.
543 3932 575 3978 ad
585 3946 642 3978 arm.
650 3930 712 3987 252,
759 3933 839 3999 retur)
850 3933 990 3981 descendit:
1003 3951 1060 3981 nam
1071 3933 1213 3981 descendere
1224 3935 1273 3983 alr·-

203 4008 251 4054 loc.
261 4007 474 4065 class.;Plutarch.
483 4009 499 4058 l.
508 4009 572 4066 l.,et
582 4010 674 4057 Duker.
682 4008 713 4055 ad
758 4028 806 4075 quo
829 4014 870 4059 tel
896 4013 932 4059 ad
955 4012 1054 4076 aliquid
1075 4012 1204 4072 dicuntur,
1228 4015 1273 4076 qui

205 4085 229 4132 h.
239 4087 269 4144 l.,
278 4087 321 4150 qui
333 4103 364 4134 ex
376 4091 497 4146 Zon.VII‚
512 4090 557 4146 13,
568 4090 713 4152 suspicatur,
756 4091 843 4151 inviti,
861 4103 885 4139 et
899 4094 1040 4141 necessitate
1055 4093 1133 4140 coacti
1149 4091 1195 4156 (cf.
1208 4092 1262 4140 Clo.
