2782 4568
172 331 197 367 Α.
209 327 233 367 C.
248 328 296 368 πθ.

171 388 292 429 m,
404 351 561 418 arnan
591 349 716 417 xxu
744 347 848 417 car.
874 347 935 414 nr.
1131 344 1201 441 239

192 473 251 540 LI.
272 468 462 541 Hannibali
479 471 608 542 victori
624 493 739 567 quum
762 468 880 539 caeteri
898 464 1103 538 circumfusi
1120 490 1202 562 gra-

145 578 358 663 tularentur,
374 579 656 676 suaderentque,
668 594 729 665 ut,
742 593 845 650 tanto
860 577 1072 676 perfunctus
1085 575 1202 666 bello,

146 686 217 757 diei
228 685 327 781 quod
339 687 522 783 reliquum
538 703 647 777 esset,
657 691 845 784 noctisque
856 688 1094 783 insequentis,
1104 688 1204 784 quie-

146 808 244 866 tem¹
265 799 398 896 etipse
419 798 488 870 sibi
506 814 684 884 sumeret,
704 814 740 870 et
762 797 863 870 fessis
884 798 985 869 daret
1007 796 1204 886 militibus;

145 906 348 995 Maharbal,
363 907 552 1006 praefectus
565 911 731 1006 equiturn
741 963 750 996 ,
762 909 911 980 minime
925 906 1139 978 cessandum
1153 931 1206 977 ra-

147 1031 222 1103 tus,
237 1046 254 1081 «
268 1023 403 1107 Imma,
419 1034 477 1109 ut,
490 1019 580 1116 quid
592 1020 660 1090 hac
674 1043 796 1116 pugna
810 1019 854 1091 sit
871 1033 1010 1104 actum,
1025 1019 1131 1106 scias,
1148 1016 1206 1087 die

146 1154 163 1188 ιι
178 1127 308 1222 quinto
319 1181 329 1215 ,
349 1129 490 1224 inquit,
510 1129 683 1199 victorin
704 1127 885 1225 Capitolio
905 1125 1119 1224 epulaberis.
1142 1131 1207 1196 Se-

146 1265 163 1300 «
178 1262 312 1333 quere:
332 1261 416 1307 cum
434 1239 575 1334 equite,
591 1253 632 1309 ut
651 1239 752 1335 prius
769 1238 929 1324 venisse,
950 1259 1061 1332 quam
1075 1248 1206 1305 ventu-

146 1375 163 1410 «
175 1371 276 1435 rum,
296 1349 429 1434 sciant,
448 1347 658 1444 precedam.
676 1379 693 1413 »
713 1346 906 1419 Hannibali
924 1347 1031 1418 nimis
1050 1346 1130 1417 laeta
1148 1368 1208 1417 res

147 1470 202 1525 est
213 1456 303 1544 usa,
319 1457 524 1551 majorque,
540 1482 649 1552 quam
663 1471 704 1527 ut
717 1481 797 1527 earn
811 1459 931 1528 statim
945 1481 1073 1554 capere
1085 1457 1206 1527 animo

148 1565 280 1660 posset.
305 1573 458 1661 Itaque,
477 1565 700 1637 voluntatem
721 1591 758 1637 se
782 1565 936 1638 laudare
958 1566 1205 1653 Maharbalis,

87 1702 91 1711 ·
148 1676 215 1763 ait3
234 1676 286 1746 acl
300 1675 486 1746 consiliam
492 1675 724 1772 pensandum
739 1683 905 1773 temporis
916 1703 1006 1774 opus
1019 1703 1101 1748 esse.
1116 1682 1209 1748 Tum

148 1784 355 1874 Maharbal,
378 1789 489 1858 «Non
511 1787 632 1857 omnia
657 1787 829 1856 nimirum
854 1787 971 1857 eidem
994 1787 1044 1857 dii
1065 1786 1208 1858 dedere.

149 1924 166 1958 ιι
180 1897 336 1966 Vincere
357 1897 445 1983 scis,
466 1896 668 1984 Hanniba13
691 1897 842 1968 victoria
863 1897 918 1967 uti
937 1898 1063 1968 nescis.
1077 1930 1094 1962 n
1108 1903 1211 1969 Mora

151 2007 229 2100 ejus
247 2005 318 2077 diei
337 2009 420 2078 satis
442 2007 601 2079 creditur
619 2007 726 2079 saluti
742 2005 851 2078 fuisse
867 2006 952 2078 urbi
971 2021 1080 2104 atque
1098 2009 1210 2105 impe·
1288 2083 1293 2091 ,
1313 2014 1317 2020 ’

150 2117 217 2186 rio.
229 2122 377 2189 Postero
389 2118 448 2189 die
459 2117 524 2189 ubi
538 2120 696 2216 primum
712 2118 844 2207 illuxit,
855 2117 900 2189 ad
912 2117 1027 2215 spolia
1041 2115 1208 2214 legenda,

150 2224 358 2323 foedamque
382 2229 488 2300 etiam
510 2228 676 2300 hostibus
698 2227 931 2326 spectandam
951 2241 1104 2323 stragem
1124 2227 1211 2296 insi-

151 2351 261 2407 stunt.
277 2343 296 2408 J
297 2339 448 2410 acebant
462 2353 517 2409 tot
530 2345 776 2410 Romanorum
792 2338 921 2428 millia,
933 2338 1071 2435 pedites
1081 2339 1212 2435 passim

151 2448 385 2545 equitesque,
401 2465 443 2522 ut
461 2475 571 2546 quem
590 2451 721 2548 cuique
737 2447 811 2520 lors
824 2463 887 2521 aut
907 2474 1029 2547 pugna
1043 2449 1213 2545 junxerat

150 2572 212 2628 aut
223 2556 318 2656 fuga.
328 2563 564 2657 assurgentes
576 2561 723 2658 quidam
735 2587 780 2632 ex
793 2576 909 2659 strage
922 2560 1042 2632 media
1054 2561 1213 2649 cruenti,

186 2743 247 2792 Car.
254 2746 294 2792 LI.
302 2745 389 2793 nutet
394 2745 463 2808 quod
466 2745 584 2810 reliquum
591 2757 658 2804 esset,
704 2769 717 2789 ιι
729 2747 800 2795 toire.
808 2769 820 2789 n
832 2750 944 2805 Bossuet,
958 2747 1172 2812 Oraisonfumlbre
1182 2746 1213 2794 de

151 2822 275 2887 noctisque
288 2823 448 2888 insequentis,
463 2824 581 2889 quietem
594 2841 618 2872 v.
629 2825 661 2873 ad
705 2826 730 2873 la
749 2826 815 2873 reine
831 2826 1007 2892 d'Angleterre.
1023 2827 1102 2874 Multa
1118 2826 1149 2874 de
1165 2825 1214 2874 boe
1255 2879 1259 2885 ,

152 2901 185 2958 V,
200 2915 242 2963 19,
255 2905 312 2950 n.3.
324 2929 360 2940 -
373 2903 609 2951 Maharbaliendem
617 2904 661 2951 tri-
704 2905 852 2953 Maharbalis
872 2905 940 2953 dicto
961 2906 1009 2952 viri
1029 2906 1119 2954 clariss.
1141 2905 1215 2952 disse·

153 2978 207 3026 buit
217 2982 299 3030 Valet.
313 2984 383 3030 Max.
398 2984 450 3042 nt,
465 2982 480 3029 5
494 2993 556 3030 extr.
572 2989 602 3041 ἀς
618 2982 662 3030 sed
705 2985 1039 3046 rueruut‚Hannibalemque
1053 2984 1084 3031 ab
1100 2984 1167 3031 omni
1177 2984 1215 3030 vi·

152 3057 289 3107 Adherbali
301 3060 377 3126 (forte
386 3077 430 3127 per
437 3077 544 3109 errorem
552 3061 662 3108 librarlo-
706 3063 860 3126 tuperatione
873 3063 1021 3122 defendunt,
1030 3063 1094 3126 inpr.
1103 3061 1214 3110 llollinus

152 3135 216 3200 rum)
225 3139 310 3185 Florus
319 3142 357 3196 II,
366 3139 394 3199 6,
403 3141 601 3202 Misgomenai,
612 3139 662 3199 375
705 3141 732 3187 in
744 3141 808 3189 Hist.
820 3143 892 3188 Rom.
905 3153 930 3188 et
942 3140 1120 3204 Montesquiea‚
1134 3140 1214 3187 Gran·

153 3230 190 3276 sq.
204 3226 229 3263 et
246 3219 330 3266 amicis
345 3219 445 3283 priora,
464 3229 489 3266 at
505 3218 546 3265 ilia
564 3217 663 3264 vincere
706 3220 767 3267 deur
777 3230 802 3267 et
811 3219 954 3266 Dleadenee
965 3219 1006 3266 des
1019 3218 1147 3276 Romaim,
1160 3234 1215 3283 cep.

153 3293 198 3338 scis
208 3296 347 3353 Hannibal,
358 3296 465 3345 victoria
475 3296 511 3344 uti
519 3295 596 3344 nescis
606 3297 664 3343 Bar·
708 3306 739 3357 43
753 3313 857 3361 quorum
870 3297 912 3345 hic
928 3298 986 3349 talia
998 3308 1087 3346 notat:
1102 3319 1114 3338 ιι
1125 3297 1146 3345 11
1158 3297 1215 3347 n’en

154 3373 428 3423 caePlutarch.inFub.
438 3393 464 3440 p.
478 3377 537 3430 184.
547 3376 578 3422 A.
590 3374 663 3423 Conf.
707 3388 769 3424 «est
788 3394 832 3440 pas
855 3376 886 3423 de
908 3377 931 3423 la
953 3375 1136 3424 consternation
1157 3374 1216 3423 d'nn

156 3447 219 3496 Gell.
231 3451 271 3509 x,
282 3459 331 3510 24,
345 3464 383 3512 et,
394 3454 437 3517 qni
451 3470 507 3502 eum
522 3453 662 3517 descripsit,
707 3478 720 3497 ιι
733 3456 822 3520 peuple
843 3455 998 3518 belliqueux,
1017 3455 1060 3519 qui
1079 3471 1105 3502 se
1127 3465 1216 3502 tourne

154 3525 266 3574 Macrob.
281 3531 310 3586 Ι,
331 3537 354 3584 t.
372 3533 434 3579 Mox
453 3543 508 3580 ante
525 3531 620 3580 venisse
632 3548 664 3579 ex

155 3603 212 3651 edd.
223 3616 284 3653 antt.
294 3606 356 3656 forte
366 3609 522 3658 inserendum
531 3622 562 3661 ee.
571 3638 607 3648 —
615 3611 663 3659 Hic

155 3698 201 3746 ego
210 3684 350 3748 religiosum
358 3685 472 3736 haberem
480 3689 663 3754 pretermittere

155 3763 305 3812 mentionem
317 3763 377 3824 viri,
392 3767 462 3826 cujus
478 3782 569 3816 nomen
584 3769 663 3833 ipsam

155 3840 318 3905 eloquentiam
337 3855 513 3908 repraesentat:
532 3869 545 3889 κ
559 3849 598 3896 Tu
616 3847 664 3896 sais

156 3941 168 3960 ιι
182 3921 292 3981 rainere,
303 3923 375 3970 discit
384 3939 418 3970 uu
428 3923 502 3972 breve
512 3926 622 3974 Africain
633 3943 664 3975 eu

707 3556 720 3576 ιι
732 3551 836 3599 presque
843 3536 954 3596 touj0urs
961 3548 1113 3597 encourage,
1121 3546 1215 3580 comme

707 3635 720 3654 ιι
733 3611 806 3661 d’une
827 3613 875 3660 vile
895 3613 1029 3678 populace,
1047 3612 1091 3676 qui
1108 3628 1140 3658 ne
1161 3622 1216 3660 sent

707 3714 720 3733 «
733 3708 780 3755 que
790 3692 942 3741 salaiblesse.
949 3693 1005 3739 Une
1012 3707 1104 3756 preuve
1111 3691 1217 3755 qn'Han-

708 3793 720 3813 ιι
732 3771 800 3818 nibal
816 3771 917 3818 n‘aurait
929 3787 973 3834 pas
988 3770 1080 3831 reunsi,
1095 3771 1153 3818 c'est
1167 3786 1215 3834 que

707 3872 720 3891 ιι
732 3850 767 3897 les
776 3850 892 3898 Romains
902 3865 928 3896 se
937 3849 1078 3898 trouverent
1086 3865 1175 3898 encore
1183 3866 1215 3898 en

707 3951 720 3970 ιι
733 3927 782 3976 etat
793 3928 926 3993 d‘envoyer
936 3939 1036 3991 partout
1047 3928 1081 3976 du
1089 3945 1195 3978 secema.
1202 3952 1215 3971 n

157 4019 169 4038 ιι
181 3998 237 4062 plus
254 4001 308 4048 ruse
325 4002 445 4067 capitaine
460 4003 502 4066 qni
515 4004 553 4052 fut
561 4006 663 4066 jamnis,
707 4006 801 4055 Etenim
810 4017 970 4071 preterquam
979 4007 1047 4071 qnod
1056 4008 1216 4056 munitissime

155 4099 169 4118 κ
182 4078 243 4125 mais
255 4091 282 4127 tu
295 4096 327 4127 ne
339 4080 386 4128 sais
399 4096 442 4144 pre
458 4096 514 4129 uter
527 4082 559 4131 de
572 4085 596 4132 Ιι
612 4085 663 4132 vie-
706 4086 764 4134 urbs
776 4086 855 4144 foret,
866 4085 938 4134 etiem
950 4085 1005 4135 due
1014 4085 1123 4150 legiones
1135 4086 1216 4152 presi·
