2782 4568
199 290 321 392 &32:335
369 312 523 379 sinen
547 252 684 381 xxii.
714 313 817 380 cap.
839 316 942 382 xiv.
966 320 1046 385 xv.
1165 317 1236 421 399

170 441 247 506 sine
260 433 334 504 ullo
352 432 564 502 insidiarum
577 447 672 511 metu
687 456 776 501 vera
786 437 916 503 uirtute
930 443 1011 530 geri
1024 462 1079 508 res
1086 464 1234 535 posset.-

172 550 239 641 qui
258 557 369 640 caput
383 542 491 614 lzostis
512 540 699 628 retulisset,
723 566 805 611 eum
825 567 863 612 se
881 545 1064 641 externplo
1086 546 1236 622 liberum

161 657 346 750 jussurum
361 676 454 723 esse:
465 657 531 748 qui
548 651 626 721 loco
639 656 806 737 cessisset,
822 658 859 721 in
870 677 954 722 eum
967 656 1088 727 servili
1097 661 1235 756 suppli·

170 770 227 834 cio
241 761 584 834 animadversurum.
597 764 707 831 Suam
725 767 853 858 cuique
854 765 1055 854 fortunam
1070 773 1106 838 iu
1122 795 1237 841 mauu

170 899 243 945 esse
259 903 270 944 :
288 873 461 944 libertatis
481 887 663 942 auctorem
682 877 732 943 eis
748 897 821 943 uon
838 898 876 943 se
885 875 974 962 fore
995 876 1114 948 solum
1124 877 1151 967 ⁵,
1171 882 1239 953 sed

169 984 350 1055 consulem
376 989 430 1054 M.
455 981 669 1053 Marcellum
693 998 728 1053 et
749 988 931 1054 universos
951 991 1096 1075 Patres,
1124 1017 1234 1088 quos,

169 1094 347 1165 consultos
361 1093 407 1162 ab
426 1117 464 1163 se
478 1091 525 1162 de
539 1086 857 1179 libertate'eorum,
877 1094 946 1165 sibi
954 1104 1162 1192 permisisse.
1174 1106 1233 1173 L1·

168 1220 262 1278 teras
281 1206 367 1276 inde
385 1203 543 1275 consulis
561 1228 601 1274 ac
619 1204 1233 1285 senatusconsultumrecitavit:ad

169 1341 250 1413 quae
264 1305 400 1388 clamor
414 1340 498 1386 curn
511 1316 652 1411 ingenti
664 1338 808 1385 assensu
820 1329 874 1385 est
888 1315 1062 1389 sublatus.
1074 1303 1235 1417 Pugnam

167 1426 384 1523 poscebant,
409 1427 624 1523 signumque
646 1438 687 1495 ut
713 1423 815 1495 daret
840 1428 1043 1525 cntempla,
1066 1427 1233 1505 ferociter

167 1536 361 1608 instabant.
385 1535 590 1625 Gracchus,
615 1535 737 1633 praelio
760 1536 798 1605 in
822 1551 1007 1633 posterum
1026 1538 1123 1611 diem
1147 1568 1232 1640 pro-

167 1649 356 1730 nuntiatu,
378 1649 590 1718 concionem
612 1646 757 1717 dimisit.
779 1646 911 1718 Milites
936 1648 1027 1739 laeti,
1052 1655 1231 1752 praecipue

167 1756 299 1853 quibus
317 1782 454 1828 merces
474 1771 610 1827 navatae
632 1757 671 1826 in
690 1781 805 1827 unum
831 1757 927 1829 diem
947 1784 1065 1857 operae
1083 1762 1230 1838 libertas

166 1865 287 1938 futura
305 1883 399 1957 erat,
418 1870 525 1939 armis
544 1865 801 1965 expediendis⁶
820 1870 920 1968 quod
938 1872 1120 1970 reliquum
1139 1902 1228 1950 con-

166 1994 325 2049 sumunt.

212 2094 286 2159 XV.
298 2092 447 2161 Postero
461 2089 535 2177 die,
550 2087 615 2160 ubi
627 2090 727 2186 signa
741 2105 932 2187 coeperunt
941 2117 1070 2165 canere
1079 2107 1103 2185 ¹,
1121 2101 1228 2194 primi

164 2201 329 2271 omnium
339 2202 454 2298 parati
464 2200 703 2297 instructique
714 2199 759 2269 ad
768 2203 976 2296 praetorium
992 2209 1226 2278 conveniunt.

162 2311 244 2382 Sole
257 2328 353 2398 orto,
365 2311 549 2383 Gracchus
563 2313 601 2380 in
613 2311 725 2381 aciem
739 2311 860 2407 copias
875 2311 994 2381 educit
1005 2339 1012 2380 :
1025 2338 1092 2384 nec
1101 2314 1225 2388 hostes

162 2446 300 2492 moram
322 2421 516 2494 dimicandi
538 2420 713 2493 fecerunt.
737 2424 872 2492 Decem
896 2435 933 2492 et
955 2437 1093 2519 septem
1117 2426 1227 2497 millia

162 2530 325 2626 peditum
349 2548 470 2617 erant,
489 2534 644 2603 maxima
666 2556 711 2601 ex
730 2544 831 2627 parte
849 2532 981 2605 Bruttii
997 2555 1038 2602 ac
1056 2537 1193 2604 Lucani
1215 2564 1223 2604 :

162 2641 301 2735 equites
314 2641 412 2710 mille
431 2641 598 2725 ducenti3
613 2642 708 2710 inter
722 2664 815 2734 quos
830 2644 937 2738 pauci
951 2642 1146 2714 admodum
1156 2651 1224 2716 Ita-

160 2748 236 2836 lici,
253 2750 372 2819 caeteri
387 2748 550 2820 Numidas
564 2746 639 2817 lere
655 2772 782 2818 omnes
798 2751 997 2845 Maurique.
1019 2757 1224 2850 Pugnatum

161 2871 268 2927 estet
287 2856 433 2944 acriter,
456 2869 493 2925 et
511 2854 584 2925 diu.
605 2858 771 2945 Quatuor
789 2856 887 2929 horis
903 2874 1036 2930 neutro
1055 2863 1225 2937 inclinata

161 2983 214 3038 est
234 2992 378 3065 pugna:
394 2990 462 3037 nec
479 2965 546 3035 alia
561 2967 672 3061 magis
690 2971 895 3037 Romanum
912 2969 1132 3065 impediebat
1150 3001 1222 3065 res,

161 3103 269 3175 quam
295 3080 410 3176 capita
428 3077 588 3147 hostium
606 3078 720 3172 pretia
739 3076 896 3148 libertati
919 3076 1046 3148 facta².
1070 3087 1161 3154 Nam
1182 3102 1223 3158 ut

160 3277 413 3335 adxx1‚21‚n.7.
430 3301 466 3310 ·-
482 3272 566 3320 Servili
577 3272 668 3336 suppli·
682 3280 684 3285 '
748 3274 772 3321 6.
792 3272 874 3319 Armis
889 3272 1063 3336 expedieram·
1077 3277 1133 3325 vide
1150 3281 1182 3328 ad
1199 3285 1224 3344 1,

159 3356 214 3412 cio,·
232 3355 389 3412 verberibus,
407 3352 570 3410 cruciatibus,
588 3367 667 3398 cruce.
713 3351 762 3410 52,
776 3368 801 3399 n.
813 3354 837 3399 3.
848 3377 884 3389 -
894 3352 968 3414 Quod
979 3353 1112 3417 reliquum,
1128 3375 1162 3405 se.
1174 3361 1225 3409 diei

158 3461 195 3471 -
208 3437 342 3481 Fortunam
354 3434 379 3480 in
397 3450 473 3481 mauu
485 3448 549 3489 esse;
565 3423 623 3479 vide
637 3431 668 3478 ad
704 3429 778 3496 fuit,
798 3448 853 3494 quae
870 3431 945 3479 verba
964 3431 1022 3479 addi
1042 3433 1069 3480 in
1089 3435 1146 3485 edd.
1167 3452 1224 3488 ante

159 3515 191 3570 V,
201 3528 247 3570 ao,
261 3529 286 3559 n.
298 3528 319 3559 1.
713 3511 806 3568 Gron.;
825 3511 868 3558 sed
884 3511 915 3558 ab
933 3512 1034 3575 optimis
1047 3515 1110 3561 Mss
1126 3516 1224 3579 abesse,

193 3593 217 3640 5.
229 3593 286 3638 Non
298 3590 388 3656 sesare
401 3593 491 3648 solum,
506 3591 551 3639 sed
567 3588 667 3657 (etiam)
712 3606 740 3637 ac
750 3589 820 3637 facile
831 3607 862 3637 ex
867 3605 946 3654 praec.
959 3601 983 3638 et
993 3607 1043 3653 seq.
1053 3592 1157 3658 intelligi
1170 3615 1224 3646 mo.

157 3671 278 3719 consulem
294 3673 330 3717 M.
341 3672 483 3719 Marcellum
499 3682 524 3717 et
535 3688 560 3719 u.
575 3673 618 3727 P„
633 3670 667 3717 ita
712 3680 754 3716 net
766 3668 840 3716 Drak.
857 3669 914 3715 Diei
923 3685 970 3733 pro
983 3670 1052 3732 quod
1063 3671 1132 3720 dedit
1143 3677 1222 3726 Gron.

157 3767 241 3799 omnes
253 3751 316 3798 MSS
328 3761 353 3798 et
366 3749 421 3797 edd.
435 3761 491 3798 ante
503 3753 613 3799 Gronov.
624 3749 667 3812 qui
746 3748 807 3796 Cer.
823 3749 882 3794 XV.
905 3763 926 3794 r.
946 3748 1021 3812 Signa
1040 3766 1164 3814 caperem
1180 3773 1221 3804 ca-

157 3846 170 3877 e
184 3832 249 3890 conj.
264 3830 309 3876 sed
320 3845 369 3893 pro
380 3840 405 3875 et
416 3830 533 3893 reposuit.
547 3831 582 3877 At
596 3828 667 3876 Livio
711 3841 784 3882 uere5
798 3824 856 3871 vide
866 3824 898 3871 ad
907 3827 968 3884 VII,
982 3834 1028 3885 4ο,
1038 3845 1063 3874 n.
1073 3836 1097 3884 4.

156 3909 241 3957 invitis
255 3912 318 3958 MSS
333 3909 450 3972 elegantia
466 3925 517 3956 non
534 3909 668 3958 obtruden-
748 3921 771 3952 a.
786 3903 870 3952 Pretio
887 3903 995 3951 libertati
1005 3905 1089 3969 fetata.
1107 3912 1221 3960 Scriben.

157 3988 199 4047 ὼς
215 3988 346 4036 strothius.
360 4015 396 4024 -
409 3988 553 4043 Instabam
566 3988 621 4036 vide
636 3986 666 4034 ad
711 3985 770 4033 dum
794 3982 910 4031 libertatis
934 3985 1081 4044 conjiciebat
1101 3989 1220 4039 illustriss.

156 4070 195 4127 x,
209 4075 325 4127 27,11.4,
712 4065 744 4116 N.
754 4063 871 4113 Heinsius
882 4061 913 4109 ad
923 4063 970 4111 Ov.
979 4064 1037 4111 Her.
1046 4067 1096 4123 VI,
1108 4073 1165 4125 146,
1174 4072 1222 4120 sed
