2782 4568
189 253 313 359 33:333:
360 274 1024 341 LIBERXXI.CAP.xl1.xl11.
1179 301 1225 372 29
1285 223 1291 233 ⁵

162 393 254 464 urbe
272 419 353 465 cum
369 393 515 489 singulis
528 394 750 464 vestimentis
764 392 815 463 ibi
828 392 1049 482 habitarent,
1065 394 1129 465 ubi
1146 402 1224 468 Poe-

162 530 232 576 nus
250 506 418 600 jussisset.
444 509 514 577 Has
532 505 629 601 pacis
650 505 747 602 leges
769 502 952 574 abnuente
968 504 1104 575 Alcone
1123 530 1224 579 acce·

161 629 289 712 pturos
310 616 561 711 Saguntinost,
579 615 747 702 Alorcus,
771 616 866 684 vinci
891 617 1051 704 animos,
1074 615 1138 686 ubi
1159 617 1225 688 alia

161 727 363 813 vincantur,
383 724 581 812 affirmans,
603 751 640 796 sc
665 727 761 822 pacis
787 727 863 821 ejus
886 727 1122 822 interpretem
1146 725 1223 799 fore

113 839 115 842 ⁴
160 836 361 932 pollicetur.
374 841 457 907 Erat
471 850 590 906 autem
604 849 682 905 tum
695 835 798 905 miles
813 835 1038 923 Hannibalis;
1054 847 1223 907 caeterum

161 943 305 1040 publice
324 947 527 1042 Saguntinis
547 946 683 1015 amicus
704 959 813 1040 atque
833 943 977 1042 hospes.
992 945 1138 1016 Tradito
1157 973 1222 1046 pa-

162 1052 231 1124 lam
243 1056 314 1126 telo
324 1054 536 1126 custodibus
546 1054 975 1153 hostium,transgressuus
984 1057 1225 1144 munimenta,

161 1162 206 1233 ad
222 1178 412 1261 praetorem
429 1165 662 1262 saguntinum
678 1162 732 1258 (et
750 1166 827 1259 ipse
847 1165 895 1234 ita
909 1163 1081 1262 jubebat)
1098 1182 1150 1238 est
1165 1168 1224 1240 de·

161 1273 301 1346 ductus.
314 1281 398 1367 Quo
412 1299 527 1370 quum
542 1273 723 1370 extemplo
739 1298 937 1344 concursus
951 1278 1069 1348 omnis
1083 1281 1225 1374 generis

160 1385 350 1457 hominum
374 1398 466 1456 esset
487 1384 619 1472 factus,
641 1383 807 1454 submota
826 1399 953 1456 caetera
972 1387 1224 1477 multitudine,

160 1512 307 1568 senatus
322 1496 452 1566 Alorco
470 1493 574 1565 datus
593 1491 689 1581 est⁵;
710 1495 813 1588 cnjus
832 1496 912 1566 talis
931 1500 1046 1568 oratio
1065 1497 1143 1569 fuit.

207 1610 305 1675 XIII.
327 1635 344 1669 «
357 1605 438 1674 si
409 1605 494 1674 civis
507 1617 625 1674 vester
634 1603 763 1691 Alcon
781 1605 874 1674 sicut
892 1606 936 1675 ad
952 1631 1079 1702 pacem
1093 1622 1222 1705 peten-

157 1747 175 1781 ι(
188 1714 271 1785 dam
290 1713 335 1784 ad
353 1712 592 1785 Hannibalem
607 1714 725 1801 venit,
747 1714 795 1783 ita
813 1716 910 1811 pacis
929 1716 1155 1791 conditiones
1177 1720 1222 1791 ab

161 1856 176 1890 «
191 1823 392 1894 Hannibale
403 1823 448 1893 ad
458 1847 521 1893 vos
530 1822 710 1893 retulisset
716 1848 1045 1920 supervacaneum
1055 1828 1126 1899 hoc
1136 1830 1224 1900 mihi

159 1965 176 1999 «
189 1926 314 2006 brisset
334 1935 417 2023 iter,
442 1958 516 2029 quo
535 1958 604 2003 nec
622 1947 745 2004 orator
763 1932 991 2023 Hannibalis,
1016 1961 1083 2007 nec
1106 1952 1224 2011 trans·

161 2037 440 2143 «luga1adv0s
461 2045 648 2116 venissem.
675 2048 799 2134 Quum
819 2043 896 2133 ille,
920 2058 982 2116 aut
1000 2060 1136 2133 vestra,
1160 2063 1223 2118 aut

161 2187 177 2220 a
190 2181 253 2226 sua
270 2156 395 2253 culpa,
414 2157 584 2226 manserit
604 2155 701 2252 apud
723 2154 865 2225 hostem
887 2155 936 2250 (si
954 2170 1092 2226 metum
1112 2159 1222 2227 simu-

160 2266 290 2354 «lavit,
314 2292 395 2355 sua3
416 2282 551 2353 vestra,
573 2267 603 2336 si
628 2264 831 2362 periculum
857 2280 911 2335 est
932 2266 1029 2362 apud
1054 2290 1117 2337 vos
1140 2293 1225 2338 vera

161 2409 177 2442 «
191 2376 469 2473 referentibus),
491 2402 576 2475 ego,
600 2401 646 2446 ne
670 2376 900 2472 ignoraretis,
927 2399 1002 2446 esse
1027 2374 1164 2473 aliquas
1187 2391 1223 2448 et

161 2517 177 2551 «
191 2489 312 2558 salutis
325 2502 361 2558 et
376 2488 471 2583 pacis
484 2486 587 2558 vobis
602 2486 846 2575 conditiones,
863 2511 934 2583 pro
944 2500 1088 2556 vetusto
1102 2487 1223 2585 hospi·

162 2600 260 2683 «tio,
281 2597 381 2694 quod
403 2596 492 2667 mihi
516 2596 706 2668 vobiscum
731 2611 802 2682 est,
828 2594 873 2665 ad
895 2622 959 2667 vos
982 2598 1076 2669 veni.
1096 2602 1225 2668 Vestra

162 2738 179 2790 a
195 2722 313 2778 autem
331 2732 437 2778 causa
452 2731 528 2794 mc,
548 2730 616 2777 nec
632 2706 741 2776 ullius
756 2705 919 2796 alteriuS,
936 2707 1055 2804 loqui,
1071 2733 1151 2804 quae
1169 2708 1224 2779 lo·

162 2850 180 2886 «
193 2841 289 2916 quor
307 2817 401 2914 apud
417 2841 496 2903 vos,
511 2814 568 2885 vel
587 2840 628 2885 ea
647 2813 737 2884 fides
757 2817 801 2885 sit
814 2826 840 2903 ²,
857 2815 977 2912 quod,
996 2842 1116 2914 neque
1136 2818 1224 2888 dum

161 2960 178 2994 a
191 2926 317 3001 vestris
329 2925 470 2996 viribus
487 2925 685 3013 restitistis,
700 2949 821 3020 neque
840 2923 928 2996 dum
947 2926 1076 2996 auxilia
1095 2926 1139 2997 ab
1156 2933 1226 2997 Ro-

158 3072 176 3110 a
189 3040 302 3112 manis
315 3039 501 3135 sperastis,
517 3036 614 3133 pacis
628 3059 793 3130 unquam
807 3035 905 3133 apud
920 3061 984 3106 vos
1000 3037 1224 3107 mentionem

160 3183 177 3217 «
189 3151 269 3223 feci.
287 3155 484 3245 Postquam
504 3171 572 3216 nec
591 3144 636 3215 ab
654 3146 824 3215 Romanis
839 3144 942 3215 vobis
962 3144 1034 3214 ulla
1054 3167 1134 3239 spes
1153 3157 1224 3233 est,

159 3339 278 3386 egressus,
292 3319 372 3369 redire
384 3330 452 3377 tuto,
466 3316 597 3381 nequchas
611 3331 670 3363 cou-
750 3315 811 3361 Car.
822 3315 896 3363 XIII.
913 3329 935 3359 1.
947 3313 998 3359 Nec
1009 3325 1106 3371 orator,
1120 3293 1225 3375 legaim,

161 3402 265 3450 ditiones
292 3403 356 3450 ferre
384 3399 479 3447 cluibus
502 3397 552 3445 suls
574 3396 671 3460 possit3
715 3391 875 3447 Hannibalis,
894 3406 938 3437 nee
951 3389 1078 3455 transfirga
1091 3409 1101 3438 .·
1114 3407 1170 3438 nam
1181 3393 1226 3439 sub

164 3483 280 3529 Baucms,
715 3470 788 3534 legati
795 3469 938 3517 auctoritate
948 3470 1041 3516 venisse
1054 3469 1162 3529 videtur,
1170 3471 1227 3532 qula

195 3568 218 3615 4.
228 3559 298 3606 Vinci
304 3558 412 3617 animos,
422 3555 668 3610 ubialiavincautur,
716 3551 738 3596 ei
753 3561 850 3596 senatus
867 3560 903 3596 est
919 3548 992 3594 datus
998 3565 1009 3604 ‚·
1030 3559 1054 3596 et
1074 3564 1133 3595 mox
1150 3548 1224 3609 dicit,

160 3651 257 3697 catera,
281 3655 336 3702 quae
355 3638 451 3684 hostem
472 3645 557 3682 contra
574 3634 671 3680 hostem
707 3645 800 3693 pacem
810 3628 898 3675 advos
912 3626 1004 3692 affero,
1019 3638 1064 3674 etc.
1079 3629 1153 3675 Doer.

159 3720 281 3776 inuniunt,
292 3715 439 3780 inpr.muri;
451 3716 525 3762 Doer.
534 3712 587 3760 alia
595 3713 671 3772 muri,
751 3725 776 3755 n.
787 3708 832 3754 Vel
841 3723 871 3754 ea
875 3707 942 3773 fides
952 3706 997 3762 sit,
1010 3708 1060 3766 iam
1069 3706 1096 3753 id
1107 3705 1182 3755 fidem
1191 3707 1226 3755 fa·

159 3799 324 3856 munimenta,
338 3812 419 3852 arces,
431 3794 530 3853 Doujitt.
541 3802 567 3838 et
581 3792 671 3855 Cuper.
716 3789 776 3846 ciat,
784 3780 880 3850 probet.
889 3786 1004 3832 Similiter
1010 3785 1047 3831 ad
1044 3785 1125 3852 fidem
1131 3803 1211 3834 rerum
1217 3811 1226 3845 ,-

157 3891 230 3922 arma
243 3864 310 3936 conj,
325 3877 402 3922 Gron.
715 3879 742 3915 ut
772 3881 811 3911 cas
836 3864 969 3927 probaret,
994 3866 1104 3923 XXIII,
1133 3883 1162 3913 12
1186 3883 1224 3930 pr.

137 3953 139 3957 ’
195 3955 219 4002 5,
233 3956 335 4001 Senatus
351 3952 442 3999 Alorco
456 3950 530 3998 datm
544 3960 594 4006 cst;
616 3947 671 3996 vide
716 3945 867 4001 XXXVIII,
884 3944 913 3990 51
928 3960 981 4009 pu,
995 3944 1138 4012 etinſsa'em
1152 3945 1177 3992 in
1191 3945 1229 3991 Si·

157 4032 190 4082 ad
201 4033 276 4091 VIII,
295 4034 326 4091 5,
344 4049 369 4081 n.
388 4047 409 4079 1.
717 4023 774 4072 cilia
787 4034 908 4088 gestarum
919 4038 998 4070 rerum
1014 4023 1187 4078 secundarum,
1202 4023 1231 4077 ln
