2782 4568
146 330 270 432 ῧῑὲῑςςὲς
310 354 693 422 LIB.XX11.CAP.
722 355 856 424 xciv.
885 358 995 426 xiv.
1109 382 1177 453 227

119 471 223 543 minii
247 471 484 542 temeritatem
499 473 673 560 Varroni,
686 477 800 546 Varro
821 476 1022 572 speciosum
1047 477 1181 551 timidis

120 605 162 650 ac
184 580 354 677 segnibus
376 581 531 653 ducibus
553 583 758 680 exemplum
780 583 961 655 Fabium'·
982 584 1180 681 objiceret3

121 704 384 787 testareturque
401 691 488 763 deos
503 691 744 788 hominesque
763 694 844 782 hic,
863 693 1005 765 nullam
1015 718 1132 792 penes
1143 723 1182 768 se

120 800 267 898 culpam
286 825 380 888 esse,
407 801 507 899 quod
524 801 715 872 Hannibal
721 803 808 896 jam
828 801 930 872 uelut
949 824 1016 873 usu
1038 809 1187 900 cepisset

120 909 267 980 Italiam
277 907 310 998 ⁵5
323 936 360 982 se
376 917 598 982 constrictum
612 937 636 981 a
651 910 789 1008 collega
806 917 918 984 teneri
927 908 944 954 ⁶
953 939 966 998 ,·
975 914 1117 1001 ferrum
1132 929 1184 984 at·

122 1044 194 1115 que
212 1044 316 1090 arma
335 1026 436 1090 iratas
455 1037 491 1092 et
499 1044 670 1118 pugnare
689 1022 913 1119 cupientibus
931 1023 1049 1093 adimi
1065 1022 1184 1094 militi·

122 1129 208 1216 bus,·
227 1130 304 1220 ille,
322 1138 354 1202 si
365 1131 458 1225 quid
470 1134 641 1229 projectis
654 1159 699 1205 ac
710 1131 867 1230 proditas
881 1133 935 1204 acl
945 1135 1184 1206 inconsultam

122 1255 232 1335 atque
254 1241 492 1338 improvidam
511 1266 682 1339 pugnam
708 1243 903 1340 legionibus
927 1243 1122 1332 accideret,
1145 1271 1184 1318 se

123 1355 240 1420 omnis
255 1350 376 1448 culpae
392 1366 587 1436 exsortem,
604 1358 717 1424 omnt's
730 1368 871 1423 eventus
877 1360 1093 1451 participem
1094 1357 1185 1446 fore

123 1456 267 1570 diceret.
290 1459 448 1546 Videret,
474 1476 528 1548 ut,
555 1460 687 1557 quibus
708 1463 833 1558 lingua
855 1477 929 1534 tam
947 1479 1120 1563 prompta
1140 1489 1185 1536 ac

124 1573 332 1654 temeraria,
352 1593 458 1665 (eque
472 1576 508 1640 in
519 1596 648 1668 pugna
666 1578 831 1669 uigerent
845 1596 987 1644 manus.

172 1681 275 1749 XLV.
301 1683 399 1749 Dum
417 1680 711 1752 altercationibus
728 1683 861 1777 magis,
880 1706 990 1777 quam
1007 1682 1185 1773 consiliis,

124 1799 268 1883 tempus
286 1788 434 1874 teritur,
456 1786 635 1858 Hannibal
654 1813 699 1859 ex
721 1792 814 1875 acie,
833 1813 942 1885 quam
963 1790 1010 1860 ad
1030 1791 1188 1863 multum

125 1895 196 1966 diei
215 1910 380 1966 tenuerat
399 1897 634 1985 instructam,
651 1921 767 1992 quum
785 1899 823 1967 in
842 1912 955 1968 castra
973 1914 1116 1971 caeteras
1129 1924 1189 1971 re-

125 2007 261 2102 ciperet
278 2007 420 2103 copias,
441 2007 614 2080 Numidas
636 2007 681 2077 ad
699 2007 948 2079 invadendos¹
971 2033 1016 2078 ex
1038 2011 1188 2081 minori-

124 2114 194 2186 bus
214 2117 336 2186 castris
354 2122 600 2189 Romanorum
619 2132 812 2215 aquatores
833 2117 1086 2189 transflumen
1108 2121 1189 2190 mit-

126 2226 180 2295 tit.
196 2228 314 2314 Quam
332 2226 556 2297 inconditam
571 2222 845 2324 turbam'quum
857 2227 1004 2297 vixdum
1020 2229 1059 2298 in
1072 2229 1189 2326 ripam

126 2336 260 2433 egressi
284 2336 441 2409 clamore
467 2363 507 2408 ac
526 2339 685 2408 tumultu
705 2336 911 2435 fugassent,
934 2337 974 2407 in
997 2338 1189 2410 stationem

126 2470 275 2542 quoque
298 2470 366 2543 pro
384 2447 478 2517 vallo
497 2447 670 2534 locatam,
691 2461 800 2544 atque
819 2447 912 2543 ipsas
933 2470 1048 2543 prope
1067 2460 1189 2542 portas
1247 2475 1249 2479 ’

127 2555 241 2625 evecti
259 2569 354 2624 sunt.
370 2555 413 2626 Id
426 2581 513 2627 vero
531 2556 721 2654 indignum
735 2557 871 2643 visum,
886 2554 931 2626 ab
949 2555 1186 2627 tumultuario

127 2665 259 2735 auxilio
271 2675 285 2705 ²
298 2665 373 2759 jam
385 2667 491 2736 etiam
506 2680 621 2737 castra
639 2690 788 2736 romana
803 2667 948 2752 terreri;
964 2681 1006 2735 ut
1022 2689 1064 2735 ea
1077 2665 1188 2765 modo

89 2798 92 2802 ’
127 2799 199 2844 una
214 2800 334 2861 causa,
348 2799 395 2846 ne
406 2775 590 2872 extemplo
603 2777 799 2848 transirent
811 2775 963 2864 flumen,
980 2772 1189 2872 dirigerent·

164 2995 190 3042 t.
211 2987 348 3050 Speciosam
367 2985 457 3034 usnimi
477 3001 508 3033 ae
526 2986 637 3052 segnibus
681 3002 814 3050 quamrem
822 2985 1191 3048 vilem‚nulliuevepretii,pro

129 3064 228 3113 dacibus
239 3068 375 3130 exemplum
386 3065 505 3123 Fabium,
520 3066 637 3124 Fabium,
680 3061 759 3112 nihilo
774 3064 865 3113 hebere
882 3076 908 3112 et
925 3079 1055 3128 spernere,
1069 3064 1121 3121 vel,
1139 3074 1192 3111 ten·
1258 3133 1262 3139 ι

128 3155 243 3206 tanquam
253 3145 407 3210 exemplum,
418 3160 468 3208 quo
483 3144 570 3202 duces,
583 3159 638 3207 que·
681 3159 754 3206 quem
768 3143 906 3207 expositum
920 3143 1054 3199 infantem,
1068 3140 1136 3188 haud
1149 3156 1192 3189 cu·

128 3223 159 3269 lie
166 3225 254 3272 Paulus
262 3225 307 3283 sit,
317 3225 350 3272 ed
361 3224 516 3273 timiditatem
525 3235 550 3272 et
558 3224 637 3287 segni-
681 3238 748 3281 rere,
764 3234 789 3270 et
805 3222 920 3286 periculis
938 3235 1069 3283 exponere.
1088 3221 1153 3268 Hinc
1171 3220 1194 3268 si

128 3302 186 3349 tiem
204 3319 271 3350 suem
289 3303 416 3366 tegendam
433 3314 547 3362 utentur3
563 3306 637 3351 Doer.
682 3311 752 3348 tanta
769 3299 851 3347 clades
866 3299 941 3346 vilem
955 3298 1035 3344 vitam
1052 3314 1101 3344 non
1112 3297 1192 3363 feeit,

129 3380 201 3426 Fabii
209 3381 266 3428 edd.
273 3393 329 3429 ante
338 3384 409 3431 Crev.
682 3377 834 3443 nullafaciet
842 3378 900 3425 infr.
912 3393 933 3426 o.
945 3379 991 3434 60,
1000 3393 1026 3423 n.
1037 3393 1065 3438 93
1070 3376 1191 3440 prolapus

166 3458 191 3504 5.
209 3459 282 3519 Quod
298 3460 425 3508 Hannibal
436 3461 493 3526 jam
509 3460 579 3508 velat
595 3475 638 3507 usu
681 3458 741 3506 nita
756 3469 780 3505 et
791 3457 845 3506 alie.
856 3456 929 3506 Conf.
941 3455 1191 3515 aestimemus,

129 3535 230 3598 cepisset
241 3537 358 3596 Italiam
367 3539 424 3587 vide
437 3539 470 3586 ed
483 3543 510 3600 1,
520 3538 567 3598 46,
577 3555 603 3586 n.
616 3554 638 3589 r.
682 3548 707 3585 et
716 3539 764 3597 VI,
775 3538 834 3586 226.

130 3617 204 3661 Suam
217 3631 263 3679 pro
277 3632 321 3662 usu
333 3617 391 3666 edd.
403 3629 459 3666 ente
472 3620 549 3666 Gron.
718 3613 1025 3664 Cantaurianos
1033 3612 1071 3660 ad
1077 3612 1193 3660 invaden-

166 3695 191 3742 6.
205 3698 235 3741 Se
248 3695 402 3742 constrictum
412 3713 430 3743 a
442 3698 537 3763 collega
550 3696 638 3755 teneri,
685 3694 743 3751 dos,
760 3705 806 3742 ete.
823 3693 896 3741 Conf.
911 3691 1000 3757 Polyb.
1017 3693 1070 3749 111,
1087 3706 1144 3738 112.
1158 3719 1193 3728 -

131 3775 200 3835 quasi
216 3774 334 3831 vinculis,
345 3774 394 3822 boc
407 3786 460 3835 est,
470 3776 598 3840 prohiberi
609 3775 640 3823 ab
687 3776 764 3820 Trans
768 3773 865 3840 flumen
874 3769 1004 3826 Aufidum,
1015 3768 1059 3816 ubi
1072 3781 1140 3818 erent
1151 3786 1193 3818 ca-

131 3853 226 3914 agendo
246 3865 270 3901 et
284 3852 426 3917 pugnando.
435 3881 471 3891 -
480 3854 597 3920 Projectu
610 3871 641 3902 aa
682 3864 736 3900 stra
748 3851 844 3898 minora
852 3852 1028 3897 Romanorum.
1038 3849 1077 3898 Ci.
1087 3865 1140 3913 cap.
1150 3857 1193 3905 44.

127 3931 234 3993 proditis
251 3932 288 3978 ad
303 3931 464 3979 inconsultam
476 3949 587 3998 pugnam
608 3934 641 3981 le·
684 3926 1193 3985 -Incondieamturbamvid.ntl111,

129 4007 256 4071 gionibus5
267 4011 333 4057 conf.
344 4010 376 4057 ed
385 4012 425 4068 11,
439 4012 485 4068 43,
495 4026 520 4058 n.
531 4010 641 4074 5.1³r0si-
687 4011 733 4070 57,
746 4025 772 4057 n.
784 4023 824 4057 11.

133 4087 319 4148 cerehomines,
329 4089 417 4153 vitem,
429 4105 509 4155 spem,
520 4101 579 4150 ete,
589 4100 642 4137 tan-
723 4105 747 4136 a.
760 4089 799 4136 Ab
817 4085 973 4137 tumultuario
989 4085 1084 4145 auxilio
1090 4119 1099 4143 ,
1114 4101 1128 4132 a
1142 4084 1195 4132 Nu·

962 4170 1020 4243 15.
