2782 4568
173 334 298 448 3:323ss
418 352 572 420 crura
598 351 740 418 xxiv.
769 349 875 417 cur.
903 350 930 414 ι.
1141 347 1206 445 371

188 472 219 533 ln
230 486 324 532 castra
336 470 397 550 ejus
408 490 496 553 super
507 470 671 531 Suessulam
682 478 841 537 venerant:
855 478 885 534 et
896 468 1082 545 Sempronius
1093 470 1211 530 Tudita-

189 583 260 636 nus,
276 565 354 623 alter.
363 575 486 642 praetor,
503 568 646 627 Aternum
660 570 815 643 expugnat.
832 564 932 630 Rornae
945 559 1027 618 saevit
1039 561 1215 625 incendium.

189 690 229 701 -
241 661 384 728 XLV1113
405 655 555 735 Scipiones
573 653 726 712 amicitiam
743 652 869 730 jungunt
890 670 955 708 cum
973 652 1122 730 Syphace,
1140 660 1216 718 Mas.

189 749 358 827 saesylorum
376 749 406 806 in
423 747 561 806 Numidia
576 766 664 824 reget
681 759 711 803 et
728 765 765 803 ex
779 743 872 802 tribus
887 764 989 802 eorum
1007 746 1107 823 legatis
1124 769 1215 824 unus,

190 844 226 913 Q.
241 841 384 900 Statorius
399 839 547 911 centuri0,
566 837 645 917 apud
662 857 760 915 regem
777 833 932 909 remanet,
942 850 975 894 ut
989 838 1092 897 rudem
1111 841 1147 899 ad
1165 864 1216 922 pe-

188 932 297 991 destria
308 932 384 991 bella
398 931 590 991 Numidarum
604 943 717 1009 gentem
729 928 773 986 rei
785 929 917 987 militaris
935 942 1011 988 artes
1022 929 1140 1005 doceat;
1158 935 1217 993 duo

190 1024 221 1084 iu
234 1025 402 1103 Hispaniam
415 1023 540 1082 redeunt
554 1043 621 1082 cum
637 1022 737 1101 legatis
748 1021 849 1100 regiis,
861 1020 912 1098 qui
925 1033 954 1078 et
969 1020 1056 1081 fidem
1071 1026 1218 1105 accipiunt

191 1116 228 1178 ab
246 1115 471 1196 imperatoribus
490 1117 631 1187 romanis,
646 1128 675 1173 et
693 1114 847 1186 Numidas,
868 1133 1000 1192 magnam
1017 1116 1218 1193 praesidiorum

139 1273 142 1280 ,
190 1212 366 1292 punicorum
380 1223 507 1290 partem,
523 1210 560 1268 nd
573 1208 771 1267 transitionem
785 1206 950 1286 perliciunt.
961 1239 1001 1251 -
1013 1211 1129 1283 XLIX3
1146 1215 1219 1270 car.

192 1303 386 1381 thaginienses
405 1316 508 1362 contra
531 1302 625 1360 foedus
646 1301 755 1359 faciunt
778 1320 844 1357 eum
866 1299 956 1370 Gala,
975 1303 1168 1377 Massylorum
1189 1307 1219 1363 in

195 1410 278 1476 parte
302 1398 393 1454 altera
414 1395 558 1456 Numidiae
579 1415 663 1472 rege3
685 1394 767 1470 cujus
789 1393 865 1450 filius
886 1393 1036 1451 Masinissa
1058 1397 1239 1475 Syphacem

193 1508 298 1567 magno
312 1489 414 1568 praelio
427 1488 569 1560 devincit,
581 1502 611 1546 et
625 1487 730 1546 deinde
747 1488 777 1544 in
793 1487 964 1558 Maurusiis,
977 1485 1030 1545 ubi
1043 1507 1159 1567 magnas
1171 1492 1220 1551 ille

192 1580 277 1641 brevi
291 1583 388 1660 copias
402 1595 582 1653 armaverat,
595 1581 706 1659 ingenti
721 1580 813 1658 gloria
832 1579 970 1638 adversus
988 1600 1054 1639 eum
1069 1583 1143 1659 gerit
1157 1583 1222 1643 bel·

193 1676 263 1733 lum.
276 1676 425 1754 Scipiones
438 1673 599 1734 Celtiberos
613 1673 755 1752 (primum
766 1672 975 1730 mercenarium
987 1673 1117 1748 militem,
1133 1696 1220 1758 quem

195 1766 322 1826 Romani
334 1766 475 1846 habuere)
485 1766 586 1825 eadem
595 1764 742 1837 mercede,
754 1783 841 1841 quam
852 1764 928 1843 pacti
938 1785 1004 1823 cum
1015 1768 1110 1826 Poenis
1121 1783 1220 1843 erant,

195 1859 232 1917 ad
243 1879 274 1918 se
285 1860 466 1938 perducunt;
480 1873 509 1916 et
522 1857 717 1917 nobilissimos
728 1857 873 1935 Hispanos
886 1876 975 1936 supra
993 1879 1044 1917 ccc
1060 1860 1092 1918 in
1108 1863 1220 1921 Italiam

195 1949 312 2006 mittunt
326 1950 362 2008 nd
376 1948 574 2008 sollicitandos
589 1948 757 2025 populares,
776 1949 826 2024 qui
844 1949 921 2007 inter
935 1952 1042 2010 auxilia
1053 1955 1221 2015 Hannibalis

199 2052 276 2099 suut.

157 2210 185 2277 I.
201 2163 285 2284 Ur
301 2234 346 2280 ex
360 2211 557 2306 Campania
572 2210 610 2278 in
625 2210 784 2283 Bruttios
800 2208 955 2279 reditum
972 2223 1061 2299 est¹,
1075 2219 1220 2305 Hanno,

154 2315 384 2412 adjutoribus
393 2332 430 2390 et
441 2317 597 2391 ducibus
610 2319 922 2416 Bruttiis,graecas
931 2318 1041 2392 urbes
1054 2327 1220 2415 tentavit,

157 2451 202 2499 eo
218 2426 354 2500 facilius
370 2431 409 2499 in
429 2432 598 2502 societate
615 2443 804 2500 manentes
817 2453 985 2518 romana,
999 2431 1102 2528 qu'od
1114 2439 1222 2506 Brut-

158 2538 250 2625 tios,
269 2563 363 2634 quos
381 2552 418 2609 et
438 2540 609 2628 oderant,
633 2553 670 2610 et
692 2537 925 2630 metuebant,
947 2543 1220 2642 Carthaginien·

157 2647 253 2718 sium
269 2649 379 2744 partis
397 2646 532 2721 lactos²
552 2647 760 2720 cernebant.
776 2650 954 2747 Rhegium
973 2655 1131 2750 primum
1150 2672 1224 2728 ten·

160 2771 277 2827 tatum
296 2769 367 2844 est,
383 2756 532 2853 diesque
551 2756 687 2851 aliquot
703 2756 754 2826 ibi
772 2759 1018 2858 nequidquam
1036 2768 1220 2863 assumpti.

159 2867 307 2937 interim
333 2871 530 2938 Locrenses
552 2866 797 2990 frumentum,
821 2868 1010 2966 lignaque,
1035 2887 1071 2944 et
1096 2889 1224 2948 caetera

161 2976 359 3048 necessaria
377 2975 503 3047 usibus
520 3001 564 3047 ex
582 2977 675 3074 agris
691 2976 731 3046 in
748 2974 877 3047 urbem
893 3003 1037 3076 rapere,
1052 2984 1159 3054 etiam
1176 3011 1223 3056 ne

160 3086 249 3189 quid
263 3086 429 3157 relictum
443 3086 569 3185 praedae
587 3084 753 3156 hostibus
770 3101 886 3158 esset:
906 3102 942 3159 et
959 3090 998 3159 in
1016 3089 1091 3163 dies
1110 3092 1224 3188 major

162 3195 333 3267 omnibus
347 3198 460 3295 portis
475 3195 672 3268 multitudo
691 3193 841 3266 effundi.
857 3202 1085 3270 Postremo
1063 3227 1088 3271 ιι
1112 3202 1223 3274 modo

161 3304 307 3376 relicti
297 3332 336 3376 m
358 3305 449 3378 urbe
472 3321 594 3394 erant,
616 3305 681 3401 qui
701 3302 850 3377 reficere
870 3331 994 3379 muros
1018 3333 1059 3381 ac
1082 3325 1223 3410 portas,

197 3473 260 3521 Car.
271 3477 292 3522 1
303 3491 325 3523 ι.
334 3477 408 3523 Utea:
417 3475 672 3542 CampassiainBrut·
715 3485 742 3522 et
762 3477 896 3524 Crotonem
916 3468 1062 3544 oppidum'
1053 3496 1104 3541 Jam
1127 3493 1226 3545 captum

163 3563 211 3600 tros
222 3551 327 3599 reditum
339 3565 376 3600 est
386 3555 417 3601 ab
430 3557 567 3614 Hannone;
559 3553 672 3601 ·videe.
715 3553 929 3605 lrrisseaBruttiis
941 3569 1030 3622 prester
1043 3575 1130 3608 arcem.
1141 3562 1228 3631 ltaque

165 3631 263 3687 a6.-
288 3630 389 3678 Graecas
411 3634 495 3690 urbes,
516 3633 654 3682 eolouias'
646 3648 674 3679 ιιι
716 3647 799 3680 eorum
808 3650 882 3699 ,quae
896 3651 969 3700 supra
982 3637 1151 3697 tradiderat,
1142 3655 1228 3687 rmme·

164 3709 259 3757 Graacia
274 3711 676 3776 magua,1l}regiuns,boenllpi·
717 3726 772 3758 mor
791 3711 880 3772 fnisse,
898 3730 974 3778 eaque
994 3733 1025 3763 ex
1044 3717 1098 3765 aliis
1119 3717 1228 3766 hausisse

166 3787 276 3852 rapbyrii
288 3799 313 3837 et
325 3789 413 3846 Croto,
428 3806 483 3854 qnae
494 3807 516 3839 c.
529 3807 540 3838 1
553 3802 604 3840 eta
624 3807 674 3838 ms·
718 3789 828 3839 lontibus
843 3791 948 3842 videtur.
966 3792 1058 3843 Confer
1071 3796 1102 3843 ad
1113 3798 1161 3854 IV,
1179 3813 1228 3861 29,

166 3877 300 3914 morantur.
311 3867 383 3917 Conf.
392 3867 426 3915 ad
437 3869 528 3927 xxu,
540 3872 584 3928 61,
596 3886 623 3919 n.
634 3885 675 3930 rr,
718 3887 744 3921 ιι.
754 3871 779 3918 3.
791 3869 880 3918 Nodus
893 3887 944 3919 non
956 3872 1072 3934 solvitur,
1085 3875 1106 3922 si
1120 3873 1227 3934 dixeris,

165 3954 192 3991 et
210 3946 316 4003 xxm,
331 3947 365 3994 So
383 3957 408 3994 et
427 3954 475 4009 413
488 3947 577 4012 quibus
594 3961 676 3998 tamen
719 3965 774 3998 eum
784 3965 824 3997 res
832 3965 898 3998 nunc
908 3951 1005 3999 demum
1016 3964 1093 4015 gestas
1103 3969 1176 4018 supra
1185 3969 1228 4003 oe·

166 4021 229 4070 locis
240 4024 323 4072 Livius
330 4025 432 4086 retulit,
446 4029 574 4076 [sermea
584 4027 675 4077 Croto·
720 4045 836 4094 capesse.
849 4029 1000 4096 strictimque
1013 4034 1164 4098 exposuisse.

167 4100 292 4167 uiamsque
307 4104 358 4166 jam
374 4104 406 4152 ad
423 4107 513 4154 Poenos
531 4105 674 4168 descivisse,
754 4125 779 4157 a.
796 4108 1030 4176 Cartbagrhiensiam
1038 4112 1120 4176 pertis
1126 4111 1228 4179 sarton

991 4199 1053 4284 24.
