2782 4568
183 271 305 384 55:332:
330 300 429 368 mr.
451 300 601 368 xxur.
626 298 729 369 oar.
753 299 937 369 xxvnr.
957 293 1098 372 xrux.
1148 299 1218 375 323

158 422 447 523 oppugnandam.
468 426 520 490 Ita
538 421 612 514 jam
635 434 753 516 coepta
772 418 912 490 obsidio
932 422 1060 492 omissa
1079 421 1123 492 ab
1142 429 1216 495 Ros

158 535 273 604 manis
292 547 365 620 est,
385 544 421 600 et
441 533 478 599 in
498 531 615 628 ipsum
635 528 895 601 Hasdrubalem
910 555 1052 602 versum
1069 530 1217 606 bellum,

206 646 335 715 XXIX.
349 643 520 737 Quinque
533 640 705 726 millium1
720 640 909 712 intervallo
922 657 1036 712 castra
1053 641 1221 715 distantia

159 746 318 827 habuere
336 778 470 852 paucos
486 741 582 842 dies;
602 778 670 824 nec
690 754 766 823 siue
781 751 920 824 levibus
936 755 1081 851 praeliis,
1098 776 1165 828 nec
1179 768 1220 828 ut

160 868 198 937 in
212 868 324 937 aciem
343 865 494 936 exirent.
509 863 670 934 Tandem
686 888 761 934 uno
776 863 977 961 eodemque
992 865 1049 936 die
1063 865 1162 937 velut
1176 887 1220 939 ex

161 977 362 1074 composito
368 977 549 1072 utrinque
562 975 704 1070 signum
717 999 847 1071 pugnae
859 978 1086 1073 propositum
1096 993 1160 1066 est,
1175 992 1222 1049 at·

162 1111 233 1182 que
243 1084 412 1156 omnibus
422 1086 534 1183 copiis
542 1085 580 1154 in
593 1109 760 1182 campum
772 1083 995 1157 descensum.
1004 1089 1148 1185 Triplex
1159 1102 1222 1160 ste·

160 1199 204 1268 tit
217 1221 365 1267 romana
377 1198 492 1267 acies²
506 1223 514 1264 ε
529 1195 677 1264 velitum
694 1219 776 1292 pars
790 1195 884 1266 inter
898 1198 1150 1294 antesignanos
1164 1199 1222 1269 lo-·
1282 1236 1287 1246 ·

162 1322 258 1396 cata,
275 1331 356 1405 pars
371 1320 453 1404 post
469 1306 568 1401 signa
583 1319 746 1402 accepta,
761 1306 901 1401 equites
917 1317 1054 1376 cornua
1065 1308 1223 1378 cinxere.

161 1415 364 1488 Hasdrubal
374 1414 530 1487 mediam
541 1417 653 1487 aciem
663 1416 829 1512 Hispanis
840 1413 1025 1484 firmatzin
1036 1415 1225 1507 cornibus,

163 1517 296 1597 dextro*
308 1532 439 1598 Pdenos
457 1525 568 1612 locat,
592 1525 680 1595 laevo
700 1524 824 1613 Afros,
845 1527 1225 1623 mercenariorumque

164 1635 293 1706 auxilia
306 1636 490 1730 :equitum
508 1635 682 1707 Numidas
696 1640 892 1705 Poenorum
910 1634 1109 1732 peditibus,
1125 1650 1227 1727 caete·

163 1769 224 1816 ros
240 1744 329 1816 Afris
344 1769 412 1842 pro
424 1743 596 1816 cornibus
609 1747 770 1844 apponit.
783 1749 858 1816 Nec
871 1769 997 1838 omnes
1010 1745 1172 1818 Numidae
1181 1747 1226 1819 ‚iri

164 1854 291 1926 dextro
309 1854 415 1926 locati
434 1879 566 1940 cornu,
589 1854 651 1925 sed
672 1853 825 1949 quibus,
842 1854 1068 1925 desultorum
1087 1856 1126 1924 in
1144 1879 1228 1925 mo-

164 1962 271 2050 dum,
284 1962 390 2034 binos
404 1961 629 2034 trahentibus
644 1958 783 2059 equos³
800 1963 896 2033 inter
909 1965 1117 2034 acerrimam
1133 1988 1227 2062 saepe

165 2095 323 2169 pugnam
343 2072 380 2141 in
399 2085 580 2143 recentem
605 2096 740 2167 equum
765 2096 810 2142 ex
831 2068 924 2142 fesso
946 2074 1090 2143 armatis
1110 2087 1226 2145 trans·

166 2183 297 2255 sultare
312 2207 392 2254 mos
409 2196 506 2253 erat:
523 2195 621 2273 tanta
638 2180 808 2251 velocitas
825 2181 927 2276 ipsis,
943 2195 1090 2277 tamque
1108 2180 1227 2254 docile

166 2319 343 2393 equorum
357 2318 471 2391 genus
483 2307 547 2364 est.
558 2294 680 2381 Quum
694 2290 764 2361 hoc
776 2290 885 2360 modo
899 2278 1064 2361 instructi
1075 2303 1227 2380 starent,

166 2406 423 2502 imperatorum
448 2404 635 2499 utriusque
659 2402 769 2497 partis
795 2399 892 2472 haud
924 2398 1036 2470 ferme
1066 2394 1227 2498 dispares

167 2538 247 2610 spes
266 2524 368 2584 erant
383 2539 390 2580 :
405 2525 488 2582 nam
504 2536 550 2581 ne
566 2511 722 2581 multum
738 2510 886 2608 quidem
901 2524 963 2580 aut
978 2534 1149 2597 numero,
1163 2525 1227 2582 aut

168 2647 299 2720 genere
311 2621 486 2708 militum,
496 2619 536 2690 hi
549 2636 610 2692 aut
623 2621 674 2691 illi
688 2620 913 2719 praestabant.
929 2619 1103 2692 Militibus
1118 2622 1228 2720 longe

169 2867 241 2916 quam
254 2851 322 2914 quod
333 2849 400 2915 apud
410 2849 496 2914 vulgus
509 2849 674 2899 editourmle·
716 2844 802 2915 iungat
820 2855 950 2900 Poenorum
969 2852 1108 2918 peditibus,
1126 2863 1228 2902 ceteros

168 2931 245 2994 gitur,
257 2931 281 2977 iu
285 2930 365 2997 fidem
375 2945 511 2976 romanama
522 2931 567 2976 Eu.
719 2931 794 2978 Afris,
807 2931 923 2995 Equitum
937 2931 978 2978 bIc
995 2933 1109 2996 partitive
1126 2933 1230 2981 sumitur

185 3036 188 3041 .
203 3011 267 3058 Car.
284 3011 382 3056 XXIII.
395 3023 417 3054 1.
436 3006 546 3071 Quinque
559 3007 676 3065 millium}
719 3025 766 3074 pro
775 3026 807 3056 aa
816 3011 941 3074 equitibus.
952 3013 998 3058 Eo.
1008 3014 1043 3047 ‘-
1052 3014 1114 3068 Pro,
1127 3011 1166 3069 in,
1178 3027 1230 3058 con

168 3088 226 3137 vide
244 3089 276 3137 ad
293 3091 346 3147 IX,
361 3095 405 3146 αὴ,
421 3103 446 3134 n.
461 3102 485 3133 2.
504 3112 540 3122 -
561 3084 676 3132 Omnibus
719 3088 788 3136 nibus
796 3088 987 3152 opponitomnes
996 3088 1052 3136 edd.
1059 3101 1148 3154 praeter
1155 3090 1227 3138 Crev.

168 3168 243 3232 copiis
257 3168 281 3215 iu
295 3183 406 3232 campum
419 3166 572 3221 descensum
585 3164 634 3212 vid.
644 3164 676 3212 ad
718 3177 743 3214 et
753 3165 899 3223 simillium,
910 3181 1043 3229 omnesque
1052 3168 1229 3232 MSS,·praeter

169 3248 195 3305 I,
214 3255 243 3301 rt,
253 3280 260 3305 ,
272 3263 297 3294 u.
306 3254 331 3301 4,
720 3243 794 3305 duos,
803 3245 830 3292 iu
840 3244 928 3308 quibus
938 3255 974 3293 est
983 3245 1090 3309 apponit.
1101 3245 1166 3293 Illud
1174 3261 1230 3311 pro·

204 3341 229 3372 a.
240 3326 337 3390 Triplex
349 3323 414 3372 stetit
425 3340 486 3371 rom.
498 3323 563 3370 acies
572 3321 636 3388 (vid.
645 3321 677 3369 ad
720 3323 762 3371 bat
775 3324 901 3380 Gronom,
912 3322 960 3370 boc
972 3338 1030 3370 vero
1041 3335 1120 3380 recte,
1129 3323 1228 3388 opinor,

170 3405 244 3462 VIII,
256 3405 284 3461 8,
296 3420 322 3452 n.
333 3401 371 3468 1);
381 3403 494 3459 uelitum,
505 3402 565 3449 levis
575 3412 677 3449 armatu·
720 3401 830 3461 Stroth,
855 3402 912 3465 quia
931 3402 1022 3465 opponi
1033 3418 1081 3465 pro
1102 3403 1227 3461 comibus,

170 3498 218 3542 rae,
228 3499 289 3546 pars
303 3482 365 3530 mter
375 3483 559 3547 antesignanos,
570 3480 677 3528 hastatos
721 3480 805 3528 castris
809 3514 818 3537 ,
833 3491 879 3528 eto.
899 3479 1008 3528 absolute
1028 3481 1116 3545 saepius
1134 3480 1229 3530 dIcatur

171 3562 353 3626 principesque,
366 3562 460 3619 locata,
470 3578 532 3627 pars
539 3571 599 3624 post
607 3560 677 3624 agna
722 3557 764 3625 (cf.
772 3559 803 3606 ad
812 3560 862 3616 VI,
873 3559 919 3616 23,
933 3574 959 3606 n.
969 3559 999 3617 6,
1011 3570 1035 3608 et
1045 3561 1083 3617 X,
1096 3560 1141 3620 36,
1150 3577 1175 3608 n.
1184 3560 1229 3625 3),

171 3651 286 3704 accepta,
300 3639 365 3687 inter
381 3641 494 3700 triarios3
514 3639 571 3688 vide
589 3639 620 3687 ad
636 3640 675 3696 H,
719 3653 771 3685 uon
783 3653 842 3685 vero
858 3637 929 3684 simul
942 3638 1058 3702 jungatur
1071 3638 1168 3698 dativo,
1182 3639 1235 3692 nisi·

172 3735 217 3778 20,
227 3735 252 3766 n.
262 3719 290 3775 3,
300 3729 325 3765 et
334 3718 413 3766 Sobel.
423 3718 453 3765 ad
463 3719 556 3784 Hygin.
564 3734 589 3782 p.
599 3718 675 3764 1053.
704 3727 707 3733 '
720 3714 790 3763 hosti.

171 3825 206 3834 -
218 3796 335 3860 Equitum
351 3795 486 3854 Numidas,·
501 3795 558 3844 vide
574 3796 607 3843 ud
623 3797 677 3853 lx,
759 3795 782 3841 3.
796 3793 898 3854 Quibus,
908 3794 1035 3852 Numidis,
1048 3793 1195 3842 desultorum
1204 3786 1232 3842 ire

173 3891 215 3936 27,
224 3891 249 3922 n.
258 3877 281 3922 3.
291 3901 326 3912 -
334 3876 396 3937 Quae
405 3889 547 3938 praecessere
555 3875 680 3940 pertinent
723 3871 834 3929 modum,
846 3871 913 3920 binos
925 3871 1073 3920 tradentibus
1085 3887 1159 3936 equos
1176 3870 1232 3937 (de-

173 3955 205 4002 ad
220 3955 321 4020 pedites.
342 3954 481 4018 Equitatum
499 3971 546 4019 pro
566 3954 681 4003 cornibus
724 3951 972 4015 sultorios)...genus
987 3962 1038 4008 est;
1051 3951 1117 3998 conf.
1130 3953 1231 4000 Pausan.

174 4031 279 4082 locatum
292 4033 326 4082 ita
340 4031 441 4092 uvidis,
458 4043 486 4080 ut
504 4032 622 4082 Numidas
640 4031 683 4081 ad-
725 4031 759 4089 V,
769 4043 799 4091 93
808 4030 881 4078 Hom.
893 4031 985 4093 Hymn.
995 4030 1232 4095 inupott.231sq.;

1016 4139 1079 4186 21.
