<?xml version="1.0" encoding="UTF-8"?>
<!DOCTYPE html PUBLIC "-//W3C//DTD XHTML 1.0 Transitional//EN"
    "http://www.w3.org/TR/xhtml1/DTD/xhtml1-transitional.dtd">
<html xmlns="http://www.w3.org/1999/xhtml" xml:lang="en" lang="en">
 <head>
  <title>
</title>
<meta http-equiv="Content-Type" content="text/html;charset=utf-8" />
  <meta name='ocr-system' content='tesseract 3.04.00' />
  <meta name='ocr-capabilities' content='ocr_page ocr_carea ocr_par ocr_line ocrx_word'/>
</head>
<body>
  <div class='ocr_page' id='page_1' title='image "./titusliviuspata06freigoog_0198.png"; bbox 0 0 2782 4568; ppageno 0'>
   <div class='ocr_carea' id='block_1_1' title="bbox 150 269 1231 2711">
    <p class='ocr_par' dir='ltr' id='par_1_1' title="bbox 150 269 1231 2711">
     <span class='ocr_line' id='line_1_1' title="bbox 185 269 1217 391; baseline 0.006 -34"><span class='ocrx_word' id='word_1_1' title='bbox 185 269 302 370; x_wconf 52' lang='lat'>33:333·</span> <span class='ocrx_word' id='word_1_2' title='bbox 416 291 514 358; x_wconf 81' lang='lat' dir='ltr'>mn</span> <span class='ocrx_word' id='word_1_3' title='bbox 540 291 671 358; x_wconf 78' lang='lat' dir='ltr'>xxti.</span> <span class='ocrx_word' id='word_1_4' title='bbox 699 291 811 358; x_wconf 76' lang='lat' dir='ltr'>car.</span> <span class='ocrx_word' id='word_1_5' title='bbox 838 292 958 360; x_wconf 79' lang='lat' dir='ltr'>xxv.</span> <span class='ocrx_word' id='word_1_6' title='bbox 1154 314 1217 391; x_wconf 85' lang='lat'>191</span> 
     </span>
     <span class='ocr_line' id='line_1_2' title="bbox 150 411 1224 509; baseline 0.007 -28"><span class='ocrx_word' id='word_1_7' title='bbox 150 412 265 504; x_wconf 87' lang='lat' dir='ltr'>jure:</span> <span class='ocrx_word' id='word_1_8' title='bbox 290 436 355 482; x_wconf 90' lang='lat' dir='ltr'>nec</span> <span class='ocrx_word' id='word_1_9' title='bbox 376 427 494 481; x_wconf 87' lang='lat' dir='ltr'>tamen</span> <span class='ocrx_word' id='word_1_10' title='bbox 518 436 563 481; x_wconf 90' lang='lat' dir='ltr'>ne</span> <span class='ocrx_word' id='word_1_11' title='bbox 587 418 635 481; x_wconf 84' lang='lat' dir='ltr'>ita</span> <span class='ocrx_word' id='word_1_12' title='bbox 659 411 803 509; x_wconf 87' lang='lat' dir='ltr'>quidem</span> <span class='ocrx_word' id='word_1_13' title='bbox 816 419 923 508; x_wconf 89' lang='lat' dir='ltr'>prius</span> <span class='ocrx_word' id='word_1_14' title='bbox 944 414 1150 486; x_wconf 86' lang='lat' dir='ltr'>mittendum</span> <span class='ocrx_word' id='word_1_15' title='bbox 1170 416 1224 488; x_wconf 85' lang='lat' dir='ltr'>ad</span> 
     </span>
     <span class='ocr_line' id='line_1_3' title="bbox 159 519 1225 619; baseline 0.004 -29"><span class='ocrx_word' id='word_1_16' title='bbox 159 529 355 591; x_wconf 76' lang='lat' dir='ltr'>exercitum</span> <span class='ocrx_word' id='word_1_17' title='bbox 367 527 409 612; x_wconf 83' lang='lat' dir='ltr'>Q.</span> <span class='ocrx_word' id='word_1_18' title='bbox 419 522 574 593; x_wconf 86' lang='lat' dir='ltr'>Fabium</span> <span class='ocrx_word' id='word_1_19' title='bbox 581 576 591 609; x_wconf 89' lang='lat'>,</span> <span class='ocrx_word' id='word_1_20' title='bbox 604 547 715 619; x_wconf 88' lang='lat' dir='ltr'>quam</span> <span class='ocrx_word' id='word_1_21' title='bbox 724 520 906 592; x_wconf 85' lang='lat' dir='ltr'>consulem</span> <span class='ocrx_word' id='word_1_22' title='bbox 917 526 955 591; x_wconf 84' lang='lat' dir='ltr'>in</span> <span class='ocrx_word' id='word_1_23' title='bbox 965 519 1084 591; x_wconf 84' lang='lat' dir='ltr'>locum</span> <span class='ocrx_word' id='word_1_24' title='bbox 1098 527 1135 594; x_wconf 88' lang='lat' dir='ltr'>C.</span> <span class='ocrx_word' id='word_1_25' title='bbox 1144 522 1225 594; x_wconf 88' lang='lat' dir='ltr'>Fla-</span> 
     </span>
     <span class='ocr_line' id='line_1_4' title="bbox 158 629 1224 723; baseline 0.003 -23"><span class='ocrx_word' id='word_1_26' title='bbox 158 637 265 700; x_wconf 86' lang='lat' dir='ltr'>minii</span> <span class='ocrx_word' id='word_1_27' title='bbox 275 633 478 723; x_wconf 80' lang='lat' dir='ltr'>suffecisset.</span> <span class='ocrx_word' id='word_1_28' title='bbox 496 634 659 704; x_wconf 84' lang='lat' dir='ltr'>Dictator</span> <span class='ocrx_word' id='word_1_29' title='bbox 672 630 910 704; x_wconf 86' lang='lat' dir='ltr'>concionibus</span> <span class='ocrx_word' id='word_1_30' title='bbox 925 655 962 702; x_wconf 92' lang='lat' dir='ltr'>se</span> <span class='ocrx_word' id='word_1_31' title='bbox 981 629 1173 722; x_wconf 82' lang='lat' dir='ltr'>abstinuit,</span> <span class='ocrx_word' id='word_1_32' title='bbox 1184 634 1224 704; x_wconf 93' lang='lat' dir='ltr'>in</span> 
     </span>
     <span class='ocr_line' id='line_1_5' title="bbox 158 731 1225 840; baseline 0.005 -31"><span class='ocrx_word' id='word_1_33' title='bbox 158 743 300 812; x_wconf 89' lang='lat' dir='ltr'>actione</span> <span class='ocrx_word' id='word_1_34' title='bbox 315 743 464 812; x_wconf 90' lang='lat' dir='ltr'>minime</span> <span class='ocrx_word' id='word_1_35' title='bbox 473 731 712 840; x_wconf 61' lang='lat' dir='ltr'>popularisu.</span> <span class='ocrx_word' id='word_1_36' title='bbox 728 746 782 815; x_wconf 88' lang='lat' dir='ltr'>Ne</span> <span class='ocrx_word' id='word_1_37' title='bbox 793 743 830 811; x_wconf 91' lang='lat' dir='ltr'>in</span> <span class='ocrx_word' id='word_1_38' title='bbox 842 756 970 812; x_wconf 89' lang='lat' dir='ltr'>senatu</span> <span class='ocrx_word' id='word_1_39' title='bbox 979 743 1126 838; x_wconf 91' lang='lat' dir='ltr'>quidem</span> <span class='ocrx_word' id='word_1_40' title='bbox 1141 745 1225 814; x_wconf 91' lang='lat' dir='ltr'>satis</span> 
     </span>
     <span class='ocr_line' id='line_1_6' title="bbox 159 853 1225 950; baseline 0.008 -33"><span class='ocrx_word' id='word_1_41' title='bbox 159 853 269 947; x_wconf 68' lang='lat' dir='ltr'>aequis</span> <span class='ocrx_word' id='word_1_42' title='bbox 288 853 436 925; x_wconf 89' lang='lat' dir='ltr'>auribus</span> <span class='ocrx_word' id='word_1_43' title='bbox 458 853 693 942; x_wconf 80' lang='lat' dir='ltr'>audiebatur,</span> <span class='ocrx_word' id='word_1_44' title='bbox 711 867 800 923; x_wconf 91' lang='lat' dir='ltr'>tunc</span> <span class='ocrx_word' id='word_1_45' title='bbox 814 878 929 950; x_wconf 91' lang='lat' dir='ltr'>quum</span> <span class='ocrx_word' id='word_1_46' title='bbox 943 853 1085 924; x_wconf 91' lang='lat' dir='ltr'>hostem</span> <span class='ocrx_word' id='word_1_47' title='bbox 1105 853 1225 936; x_wconf 82' lang='lat' dir='ltr'>verbis</span> 
     </span>
     <span class='ocr_line' id='line_1_7' title="bbox 160 962 1225 1060; baseline 0.006 -30"><span class='ocrx_word' id='word_1_48' title='bbox 160 962 365 1049; x_wconf 85' lang='lat' dir='ltr'>extolleret,</span> <span class='ocrx_word' id='word_1_49' title='bbox 391 962 604 1060; x_wconf 82' lang='lat' dir='ltr'>bienniique</span> <span class='ocrx_word' id='word_1_50' title='bbox 627 963 746 1034; x_wconf 87' lang='lat' dir='ltr'>clades</span> <span class='ocrx_word' id='word_1_51' title='bbox 767 987 834 1059; x_wconf 89' lang='lat' dir='ltr'>per</span> <span class='ocrx_word' id='word_1_52' title='bbox 851 964 1089 1032; x_wconf 86' lang='lat' dir='ltr'>temeritatem</span> <span class='ocrx_word' id='word_1_53' title='bbox 1116 963 1225 1060; x_wconf 75' lang='lat' dir='ltr'>atque</span> 
     </span>
     <span class='ocr_line' id='line_1_8' title="bbox 160 1070 1228 1170; baseline 0.005 -32"><span class='ocrx_word' id='word_1_54' title='bbox 160 1071 383 1143; x_wconf 88' lang='lat' dir='ltr'>inscientiam</span> <span class='ocrx_word' id='word_1_55' title='bbox 391 1072 525 1143; x_wconf 92' lang='lat' dir='ltr'>ducum</span> <span class='ocrx_word' id='word_1_56' title='bbox 533 1070 865 1170; x_wconf 89' lang='lat' dir='ltr'>acceptasreferret:</span> <span class='ocrx_word' id='word_1_57' title='bbox 878 1079 1123 1168; x_wconf 87' lang='lat' dir='ltr'>magistroque</span> <span class='ocrx_word' id='word_1_58' title='bbox 1132 1080 1228 1170; x_wconf 85' lang='lat' dir='ltr'>equi-</span> 
     </span>
     <span class='ocr_line' id='line_1_9' title="bbox 161 1182 1226 1279; baseline 0.003 -28"><span class='ocrx_word' id='word_1_59' title='bbox 161 1197 252 1270; x_wconf 89' lang='lat' dir='ltr'>tum,</span> <span class='ocrx_word' id='word_1_60' title='bbox 272 1182 376 1279; x_wconf 84' lang='lat' dir='ltr'>quod</span> <span class='ocrx_word' id='word_1_61' title='bbox 392 1198 517 1252; x_wconf 90' lang='lat' dir='ltr'>contra</span> <span class='ocrx_word' id='word_1_62' title='bbox 539 1183 677 1253; x_wconf 86' lang='lat' dir='ltr'>dictum</span> <span class='ocrx_word' id='word_1_63' title='bbox 697 1206 803 1253; x_wconf 88' lang='lat' dir='ltr'>suum</span> <span class='ocrx_word' id='word_1_64' title='bbox 816 1199 1028 1279; x_wconf 81' lang='lat' dir='ltr'>pugnasset,</span> <span class='ocrx_word' id='word_1_65' title='bbox 1049 1187 1226 1254; x_wconf 88' lang='lat' dir='ltr'>rationem</span> 
     </span>
     <span class='ocr_line' id='line_1_10' title="bbox 161 1289 1229 1389; baseline 0.002 -29"><span class='ocrx_word' id='word_1_66' title='bbox 161 1289 296 1362; x_wconf 84' lang='lat' dir='ltr'>diceret</span> <span class='ocrx_word' id='word_1_67' title='bbox 317 1292 535 1362; x_wconf 84' lang='lat' dir='ltr'>reddendam</span> <span class='ocrx_word' id='word_1_68' title='bbox 558 1317 642 1364; x_wconf 86' lang='lat' dir='ltr'>esse.</span> <span class='ocrx_word' id='word_1_69' title='bbox 668 1298 708 1365; x_wconf 87' lang='lat' dir='ltr'>Si</span> <span class='ocrx_word' id='word_1_70' title='bbox 723 1317 834 1388; x_wconf 86' lang='lat' dir='ltr'>penes</span> <span class='ocrx_word' id='word_1_71' title='bbox 853 1317 891 1362; x_wconf 88' lang='lat' dir='ltr'>se</span> <span class='ocrx_word' id='word_1_72' title='bbox 914 1316 1065 1363; x_wconf 89' lang='lat' dir='ltr'>summa</span> <span class='ocrx_word' id='word_1_73' title='bbox 1084 1297 1229 1389; x_wconf 84' lang='lat' dir='ltr'>imperii</span> 
     </span>
     <span class='ocr_line' id='line_1_11' title="bbox 160 1402 1227 1499; baseline 0.003 -30"><span class='ocrx_word' id='word_1_74' title='bbox 160 1402 367 1499; x_wconf 83' lang='lat' dir='ltr'>consiliique</span> <span class='ocrx_word' id='word_1_75' title='bbox 380 1408 443 1487; x_wconf 89' lang='lat' dir='ltr'>sit,</span> <span class='ocrx_word' id='word_1_76' title='bbox 451 1403 667 1499; x_wconf 78' lang='lat' dir='ltr'>propediem</span> <span class='ocrx_word' id='word_1_77' title='bbox 685 1405 917 1492; x_wconf 87' lang='lat' dir='ltr'>effecturum,</span> <span class='ocrx_word' id='word_1_78' title='bbox 933 1416 974 1472; x_wconf 90' lang='lat' dir='ltr'>ut</span> <span class='ocrx_word' id='word_1_79' title='bbox 984 1403 1227 1489; x_wconf 70' lang='lat' dir='ltr'>scrantltomi-</span> 
     </span>
     <span class='ocr_line' id='line_1_12' title="bbox 162 1510 1230 1607; baseline 0.004 -28"><span class='ocrx_word' id='word_1_80' title='bbox 162 1534 245 1596; x_wconf 87' lang='lat' dir='ltr'>nes,</span> <span class='ocrx_word' id='word_1_81' title='bbox 268 1511 363 1581; x_wconf 90' lang='lat' dir='ltr'>bono</span> <span class='ocrx_word' id='word_1_82' title='bbox 381 1517 591 1607; x_wconf 88' lang='lat' dir='ltr'>imperatori</span> <span class='ocrx_word' id='word_1_83' title='bbox 603 1510 707 1580; x_wconf 82' lang='lat' dir='ltr'>haud</span> <span class='ocrx_word' id='word_1_84' title='bbox 720 1516 846 1606; x_wconf 89' lang='lat' dir='ltr'>magni</span> <span class='ocrx_word' id='word_1_85' title='bbox 845 1514 1041 1600; x_wconf 85' lang='lat' dir='ltr'>fortunam</span> <span class='ocrx_word' id='word_1_86' title='bbox 1056 1521 1230 1583; x_wconf 79' lang='lat' dir='ltr'>momenti</span> 
     </span>
     <span class='ocr_line' id='line_1_13' title="bbox 162 1618 1225 1718; baseline 0.006 -31"><span class='ocrx_word' id='word_1_87' title='bbox 162 1643 237 1689; x_wconf 82' lang='lat' dir='ltr'>esse</span> <span class='ocrx_word' id='word_1_88' title='bbox 251 1647 261 1688; x_wconf 91' lang='lat'><em>:</em></span> <span class='ocrx_word' id='word_1_89' title='bbox 274 1632 428 1688; x_wconf 86' lang='lat' dir='ltr'>mentem</span> <span class='ocrx_word' id='word_1_90' title='bbox 444 1624 692 1716; x_wconf 79' lang='lat' dir='ltr'>rationemque</span> <span class='ocrx_word' id='word_1_91' title='bbox 704 1620 895 1690; x_wconf 79' lang='lat' dir='ltr'>dominari.</span> <span class='ocrx_word' id='word_1_92' title='bbox 906 1627 950 1693; x_wconf 88' lang='lat' dir='ltr'>Se</span> <span class='ocrx_word' id='word_1_93' title='bbox 963 1629 999 1691; x_wconf 88' lang='lat' dir='ltr'>in</span> <span class='ocrx_word' id='word_1_94' title='bbox 1010 1618 1040 1663; x_wconf 77' lang='lat'>¹³</span> <span class='ocrx_word' id='word_1_95' title='bbox 1050 1638 1225 1718; x_wconf 84' lang='lat' dir='ltr'>tempore,</span> 
     </span>
     <span class='ocr_line' id='line_1_14' title="bbox 162 1733 1228 1828; baseline 0.008 -32"><span class='ocrx_word' id='word_1_96' title='bbox 162 1744 200 1798; x_wconf 91' lang='lat' dir='ltr'>et</span> <span class='ocrx_word' id='word_1_97' title='bbox 217 1734 294 1798; x_wconf 83' lang='lat' dir='ltr'>sine</span> <span class='ocrx_word' id='word_1_98' title='bbox 320 1734 519 1823; x_wconf 79' lang='lat' dir='ltr'>ignominia</span> <span class='ocrx_word' id='word_1_99' title='bbox 539 1755 696 1800; x_wconf 78' lang='lat' dir='ltr'>seruasse</span> <span class='ocrx_word' id='word_1_100' title='bbox 722 1737 920 1802; x_wconf 81' lang='lat' dir='ltr'>exercitum</span> <span class='ocrx_word' id='word_1_101' title='bbox 931 1785 942 1817; x_wconf 89' lang='lat'>,</span> <span class='ocrx_word' id='word_1_102' title='bbox 974 1757 1085 1828; x_wconf 88' lang='lat' dir='ltr'>qaam</span> <span class='ocrx_word' id='word_1_103' title='bbox 1115 1733 1228 1804; x_wconf 90' lang='lat' dir='ltr'>multa</span> 
     </span>
     <span class='ocr_line' id='line_1_15' title="bbox 164 1836 1230 1938; baseline 0.006 -30"><span class='ocrx_word' id='word_1_104' title='bbox 164 1836 278 1908; x_wconf 88' lang='lat' dir='ltr'>millia</span> <span class='ocrx_word' id='word_1_105' title='bbox 290 1837 446 1908; x_wconf 80' lang='lat' dir='ltr'>hostium</span> <span class='ocrx_word' id='word_1_106' title='bbox 456 1840 641 1927; x_wconf 68' lang='lat' dir='ltr'>occidisse,</span> <span class='ocrx_word' id='word_1_107' title='bbox 657 1841 833 1934; x_wconf 88' lang='lat' dir='ltr'>majorem</span> <span class='ocrx_word' id='word_1_108' title='bbox 845 1839 1002 1935; x_wconf 76' lang='lat' dir='ltr'>gloriam</span> <span class='ocrx_word' id='word_1_109' title='bbox 1015 1866 1100 1911; x_wconf 87' lang='lat' dir='ltr'>esse.</span> <span class='ocrx_word' id='word_1_110' title='bbox 1113 1844 1230 1938; x_wconf 89' lang='lat' dir='ltr'>Hujus</span> 
     </span>
     <span class='ocr_line' id='line_1_16' title="bbox 163 1949 1229 2045; baseline 0.003 -25"><span class='ocrx_word' id='word_1_111' title='bbox 163 1950 305 2045; x_wconf 86' lang='lat' dir='ltr'>generis</span> <span class='ocrx_word' id='word_1_112' title='bbox 321 1949 545 2021; x_wconf 89' lang='lat' dir='ltr'>orationibus</span> <span class='ocrx_word' id='word_1_113' title='bbox 566 1950 698 2021; x_wconf 85' lang='lat' dir='ltr'>frustra</span> <span class='ocrx_word' id='word_1_114' title='bbox 716 1950 865 2039; x_wconf 84' lang='lat' dir='ltr'>habitis,</span> <span class='ocrx_word' id='word_1_115' title='bbox 886 1964 922 2020; x_wconf 91' lang='lat' dir='ltr'>et</span> <span class='ocrx_word' id='word_1_116' title='bbox 940 1951 1089 2020; x_wconf 90' lang='lat' dir='ltr'>consule</span> <span class='ocrx_word' id='word_1_117' title='bbox 1108 1967 1229 2023; x_wconf 87' lang='lat' dir='ltr'>creato</span> 
     </span>
     <span class='ocr_line' id='line_1_17' title="bbox 163 2060 1231 2158; baseline 0.001 -28"><span class='ocrx_word' id='word_1_118' title='bbox 163 2064 211 2130; x_wconf 88' lang='grc' dir='ltr'>Μ.</span> <span class='ocrx_word' id='word_1_119' title='bbox 229 2060 336 2130; x_wconf 84' lang='lat' dir='ltr'>Atilio</span> <span class='ocrx_word' id='word_1_120' title='bbox 352 2062 489 2158; x_wconf 89' lang='lat' dir='ltr'>Regulo</span> <span class='ocrx_word' id='word_1_121' title='bbox 500 2065 544 2150; x_wconf 68' lang='lat'>¹4,</span> <span class='ocrx_word' id='word_1_122' title='bbox 564 2087 610 2132; x_wconf 93' lang='lat' dir='ltr'>ne</span> <span class='ocrx_word' id='word_1_123' title='bbox 630 2086 785 2158; x_wconf 85' lang='lat' dir='ltr'>praesens</span> <span class='ocrx_word' id='word_1_124' title='bbox 808 2061 852 2131; x_wconf 94' lang='lat' dir='ltr'>de</span> <span class='ocrx_word' id='word_1_125' title='bbox 870 2061 951 2156; x_wconf 86' lang='lat' dir='ltr'>jure</span> <span class='ocrx_word' id='word_1_126' title='bbox 968 2061 1111 2157; x_wconf 89' lang='lat' dir='ltr'>imperii</span> <span class='ocrx_word' id='word_1_127' title='bbox 1128 2061 1231 2130; x_wconf 91' lang='lat' dir='ltr'>dimi-</span> 
     </span>
     <span class='ocr_line' id='line_1_18' title="bbox 165 2167 1229 2269; baseline -0.001 -30"><span class='ocrx_word' id='word_1_128' title='bbox 165 2185 279 2260; x_wconf 85' lang='lat' dir='ltr'>caret,</span> <span class='ocrx_word' id='word_1_129' title='bbox 300 2172 415 2268; x_wconf 89' lang='lat' dir='ltr'>pridie</span> <span class='ocrx_word' id='word_1_130' title='bbox 437 2197 548 2269; x_wconf 89' lang='lat' dir='ltr'>quam</span> <span class='ocrx_word' id='word_1_131' title='bbox 572 2174 769 2269; x_wconf 85' lang='lat' dir='ltr'>rogationis</span> <span class='ocrx_word' id='word_1_132' title='bbox 794 2169 951 2241; x_wconf 70' lang='lat' dir='ltr'>ferendae</span> <span class='ocrx_word' id='word_1_133' title='bbox 975 2169 1052 2240; x_wconf 91' lang='lat' dir='ltr'>dies</span> <span class='ocrx_word' id='word_1_134' title='bbox 1073 2167 1229 2254; x_wconf 87' lang='lat' dir='ltr'>adesset,</span> 
     </span>
     <span class='ocr_line' id='line_1_19' title="bbox 165 2276 1231 2376; baseline -0.001 -28"><span class='ocrx_word' id='word_1_135' title='bbox 165 2295 273 2351; x_wconf 92' lang='lat' dir='ltr'>nocte</span> <span class='ocrx_word' id='word_1_136' title='bbox 288 2281 333 2351; x_wconf 95' lang='lat' dir='ltr'>ad</span> <span class='ocrx_word' id='word_1_137' title='bbox 347 2283 544 2352; x_wconf 88' lang='lat' dir='ltr'>exercitum</span> <span class='ocrx_word' id='word_1_138' title='bbox 559 2281 658 2354; x_wconf 88' lang='lat' dir='ltr'>abiit.</span> <span class='ocrx_word' id='word_1_139' title='bbox 671 2288 767 2354; x_wconf 92' lang='lat' dir='ltr'>Luce</span> <span class='ocrx_word' id='word_1_140' title='bbox 782 2294 876 2367; x_wconf 88' lang='lat' dir='ltr'>orta,</span> <span class='ocrx_word' id='word_1_141' title='bbox 887 2305 1002 2376; x_wconf 90' lang='lat' dir='ltr'>quum</span> <span class='ocrx_word' id='word_1_142' title='bbox 1016 2276 1132 2376; x_wconf 89' lang='lat' dir='ltr'>plebis</span> <span class='ocrx_word' id='word_1_143' title='bbox 1147 2303 1231 2348; x_wconf 91' lang='lat' dir='ltr'>con·</span> 
     </span>
     <span class='ocr_line' id='line_1_20' title="bbox 166 2389 1231 2492; baseline 0.002 -32"><span class='ocrx_word' id='word_1_144' title='bbox 166 2391 289 2462; x_wconf 89' lang='lat' dir='ltr'>cilium</span> <span class='ocrx_word' id='word_1_145' title='bbox 309 2408 419 2480; x_wconf 88' lang='lat' dir='ltr'>esset,</span> <span class='ocrx_word' id='word_1_146' title='bbox 439 2397 551 2492; x_wconf 88' lang='lat' dir='ltr'>magis</span> <span class='ocrx_word' id='word_1_147' title='bbox 573 2396 678 2465; x_wconf 89' lang='lat' dir='ltr'>tacita</span> <span class='ocrx_word' id='word_1_148' title='bbox 695 2393 830 2463; x_wconf 89' lang='lat' dir='ltr'>invidia</span> <span class='ocrx_word' id='word_1_149' title='bbox 853 2391 1036 2462; x_wconf 90' lang='lat' dir='ltr'>dictatoris</span> <span class='ocrx_word' id='word_1_150' title='bbox 1057 2389 1231 2488; x_wconf 79' lang='lat' dir='ltr'>favorque</span> 
     </span>
     <span class='ocr_line' id='line_1_21' title="bbox 166 2498 1231 2599; baseline 0.004 -31"><span class='ocrx_word' id='word_1_151' title='bbox 166 2503 324 2598; x_wconf 84' lang='lat' dir='ltr'>magistri</span> <span class='ocrx_word' id='word_1_152' title='bbox 338 2506 503 2599; x_wconf 90' lang='lat' dir='ltr'>equitum</span> <span class='ocrx_word' id='word_1_153' title='bbox 520 2506 659 2575; x_wconf 89' lang='lat' dir='ltr'>animos</span> <span class='ocrx_word' id='word_1_154' title='bbox 672 2498 888 2591; x_wconf 83' lang='lat' dir='ltr'>versabat¹⁵‚</span> <span class='ocrx_word' id='word_1_155' title='bbox 900 2527 1009 2599; x_wconf 91' lang='lat' dir='ltr'>quam</span> <span class='ocrx_word' id='word_1_156' title='bbox 1024 2504 1107 2573; x_wconf 87' lang='lat' dir='ltr'>satis</span> <span class='ocrx_word' id='word_1_157' title='bbox 1123 2501 1231 2572; x_wconf 89' lang='lat' dir='ltr'>aude·</span> 
     </span>
     <span class='ocr_line' id='line_1_22' title="bbox 166 2606 1230 2711; baseline 0.007 -34"><span class='ocrx_word' id='word_1_158' title='bbox 166 2606 255 2680; x_wconf 90' lang='lat' dir='ltr'>bant</span> <span class='ocrx_word' id='word_1_159' title='bbox 277 2611 442 2683; x_wconf 90' lang='lat' dir='ltr'>homines</span> <span class='ocrx_word' id='word_1_160' title='bbox 465 2615 509 2684; x_wconf 91' lang='lat' dir='ltr'>ad</span> <span class='ocrx_word' id='word_1_161' title='bbox 531 2613 895 2711; x_wconf 89' lang='lat' dir='ltr'>suadendum,·qu0d</span> <span class='ocrx_word' id='word_1_162' title='bbox 913 2613 1022 2709; x_wconf 87' lang='lat' dir='ltr'>vulgo</span> <span class='ocrx_word' id='word_1_163' title='bbox 1045 2612 1230 2710; x_wconf 87' lang='lat' dir='ltr'>placebat,</span> 
     </span>
    </p>
   </div>
   <div class='ocr_carea' id='block_1_2' title="bbox 90 2842 1240 4092">
    <p class='ocr_par' dir='ltr' id='par_1_2' title="bbox 90 2842 1240 4092">
     <span class='ocr_line' id='line_1_23' title="bbox 169 2842 1233 2907; baseline 0.006 -22"><span class='ocrx_word' id='word_1_164' title='bbox 169 2855 319 2888; x_wconf 80' lang='lat' dir='ltr'>severam-</span> <span class='ocrx_word' id='word_1_165' title='bbox 325 2843 378 2888; x_wconf 82' lang='lat' dir='ltr'>Nec</span> <span class='ocrx_word' id='word_1_166' title='bbox 386 2855 467 2890; x_wconf 85' lang='lat' dir='ltr'>tamen</span> <span class='ocrx_word' id='word_1_167' title='bbox 476 2859 507 2890; x_wconf 86' lang='lat' dir='ltr'>ne</span> <span class='ocrx_word' id='word_1_168' title='bbox 517 2843 552 2890; x_wconf 85' lang='lat' dir='ltr'>ita</span> <span class='ocrx_word' id='word_1_169' title='bbox 563 2843 676 2907; x_wconf 79' lang='lat' dir='ltr'>quidem:</span> <span class='ocrx_word' id='word_1_170' title='bbox 720 2843 817 2890; x_wconf 76' lang='lat' dir='ltr'>actione</span> <span class='ocrx_word' id='word_1_171' title='bbox 828 2842 889 2902; x_wconf 77' lang='lat' dir='ltr'>liae,</span> <span class='ocrx_word' id='word_1_172' title='bbox 904 2844 920 2890; x_wconf 86' lang='lat' dir='ltr'>i.</span> <span class='ocrx_word' id='word_1_173' title='bbox 930 2860 951 2891; x_wconf 86' lang='lat' dir='ltr'>e.</span> <span class='ocrx_word' id='word_1_174' title='bbox 961 2844 987 2890; x_wconf 87' lang='lat' dir='ltr'>iu</span> <span class='ocrx_word' id='word_1_175' title='bbox 999 2843 1045 2890; x_wconf 84' lang='lat' dir='ltr'>hae</span> <span class='ocrx_word' id='word_1_176' title='bbox 1056 2859 1127 2891; x_wconf 86' lang='lat' dir='ltr'>causa</span> <span class='ocrx_word' id='word_1_177' title='bbox 1137 2859 1151 2891; x_wconf 86' lang='lat' dir='ltr'>a</span> <span class='ocrx_word' id='word_1_178' title='bbox 1162 2842 1233 2906; x_wconf 81' lang='lat' dir='ltr'>plebe</span> 
     </span>
     <span class='ocr_line' id='line_1_24' title="bbox 168 2919 1233 2987; baseline 0.003 -22"><span class='ocrx_word' id='word_1_179' title='bbox 168 2919 248 2966; x_wconf 85' lang='lat' dir='ltr'>otiosa</span> <span class='ocrx_word' id='word_1_180' title='bbox 261 2922 356 2969; x_wconf 84' lang='lat' dir='ltr'>videtur</span> <span class='ocrx_word' id='word_1_181' title='bbox 370 2923 439 2987; x_wconf 86' lang='lat' dir='ltr'>prior</span> <span class='ocrx_word' id='word_1_182' title='bbox 452 2923 676 2987; x_wconf 84' lang='lat' dir='ltr'>negatio,etforte</span> <span class='ocrx_word' id='word_1_183' title='bbox 720 2938 769 2969; x_wconf 85' lang='lat' dir='ltr'>non</span> <span class='ocrx_word' id='word_1_184' title='bbox 791 2922 867 2986; x_wconf 83' lang='lat' dir='ltr'>aquis</span> <span class='ocrx_word' id='word_1_185' title='bbox 892 2922 990 2969; x_wconf 87' lang='lat' dir='ltr'>auribus</span> <span class='ocrx_word' id='word_1_186' title='bbox 1011 2921 1172 2977; x_wconf 85' lang='lat' dir='ltr'>audiebatur,</span> <span class='ocrx_word' id='word_1_187' title='bbox 1193 2923 1233 2968; x_wconf 81' lang='lat' dir='ltr'>vel</span> 
     </span>
     <span class='ocr_line' id='line_1_25' title="bbox 167 2998 1232 3064; baseline 0.001 -19"><span class='ocrx_word' id='word_1_188' title='bbox 167 2998 214 3061; x_wconf 81' lang='lat' dir='ltr'>leg.</span> <span class='ocrx_word' id='word_1_189' title='bbox 229 3016 259 3046; x_wconf 83' lang='lat' dir='ltr'>as</span> <span class='ocrx_word' id='word_1_190' title='bbox 277 3017 322 3064; x_wconf 85' lang='lat' dir='ltr'>pro</span> <span class='ocrx_word' id='word_1_191' title='bbox 340 3017 407 3048; x_wconf 83' lang='lat' dir='ltr'>nec:</span> <span class='ocrx_word' id='word_1_192' title='bbox 424 3003 467 3050; x_wconf 89' lang='lat' dir='ltr'>sed</span> <span class='ocrx_word' id='word_1_193' title='bbox 486 3002 548 3048; x_wconf 89' lang='lat' dir='ltr'>nibil</span> <span class='ocrx_word' id='word_1_194' title='bbox 566 3000 676 3060; x_wconf 86' lang='lat' dir='ltr'>affirmo,</span> <span class='ocrx_word' id='word_1_195' title='bbox 720 3002 803 3064; x_wconf 90' lang='lat' dir='ltr'>potius</span> <span class='ocrx_word' id='word_1_196' title='bbox 815 3018 840 3049; x_wconf 88' lang='lat' dir='ltr'>se</span> <span class='ocrx_word' id='word_1_197' title='bbox 852 3017 905 3048; x_wconf 91' lang='lat' dir='ltr'>non</span> <span class='ocrx_word' id='word_1_198' title='bbox 918 3001 952 3048; x_wconf 83' lang='lat' dir='ltr'>ita</span> <span class='ocrx_word' id='word_1_199' title='bbox 966 3000 1076 3049; x_wconf 82' lang='lat' dir='ltr'>auditum</span> <span class='ocrx_word' id='word_1_200' title='bbox 1090 3000 1121 3045; x_wconf 87' lang='lat' dir='ltr'>iri</span> <span class='ocrx_word' id='word_1_201' title='bbox 1134 2999 1232 3048; x_wconf 85' lang='lat' dir='ltr'>sciebat.</span> 
     </span>
     <span class='ocr_line' id='line_1_26' title="bbox 168 3076 1234 3152; baseline -0.001 -26"><span class='ocrx_word' id='word_1_202' title='bbox 168 3095 243 3141; x_wconf 89' lang='lat' dir='ltr'>quum</span> <span class='ocrx_word' id='word_1_203' title='bbox 261 3092 286 3127; x_wconf 88' lang='lat' dir='ltr'>et</span> <span class='ocrx_word' id='word_1_204' title='bbox 302 3094 390 3130; x_wconf 85' lang='lat' dir='ltr'>antae</span> <span class='ocrx_word' id='word_1_205' title='bbox 405 3083 523 3152; x_wconf 56' lang='lat' dir='ltr'>jungito?</span> <span class='ocrx_word' id='word_1_206' title='bbox 537 3080 678 3144; x_wconf 82' lang='lat' dir='ltr'>nequidem</span> <span class='ocrx_word' id='word_1_207' title='bbox 759 3081 798 3127; x_wconf 84' lang='lat'>13.</span> <span class='ocrx_word' id='word_1_208' title='bbox 813 3082 842 3126; x_wconf 86' lang='lat' dir='ltr'>Se</span> <span class='ocrx_word' id='word_1_209' title='bbox 857 3080 881 3126; x_wconf 84' lang='lat' dir='ltr'>in</span> <span class='ocrx_word' id='word_1_210' title='bbox 901 3090 1008 3142; x_wconf 81' lang='lat' dir='ltr'>tempore</span> <span class='ocrx_word' id='word_1_211' title='bbox 1026 3076 1116 3142; x_wconf 91' lang='lat' dir='ltr'>(quum</span> <span class='ocrx_word' id='word_1_212' title='bbox 1129 3078 1234 3125; x_wconf 83' lang='lat' dir='ltr'>maxime</span> 
     </span>
     <span class='ocr_line' id='line_1_27' title="bbox 168 3156 1233 3222; baseline 0 -18"><span class='ocrx_word' id='word_1_213' title='bbox 168 3156 235 3206; x_wconf 86' lang='lat' dir='ltr'>baud</span> <span class='ocrx_word' id='word_1_214' title='bbox 248 3160 336 3219; x_wconf 82' lang='lat' dir='ltr'>soleat3</span> <span class='ocrx_word' id='word_1_215' title='bbox 350 3163 434 3209; x_wconf 86' lang='lat' dir='ltr'>Bauer.</span> <span class='ocrx_word' id='word_1_216' title='bbox 722 3170 891 3222; x_wconf 88' lang='lat' dir='ltr'>opportunum</span> <span class='ocrx_word' id='word_1_217' title='bbox 907 3169 931 3204; x_wconf 90' lang='lat' dir='ltr'>et</span> <span class='ocrx_word' id='word_1_218' title='bbox 950 3173 1013 3220; x_wconf 89' lang='lat' dir='ltr'>opus</span> <span class='ocrx_word' id='word_1_219' title='bbox 1030 3167 1107 3216; x_wconf 69' lang='lat' dir='ltr'>esset,</span> <span class='ocrx_word' id='word_1_220' title='bbox 1121 3157 1233 3204; x_wconf 84' lang='lat' dir='ltr'>Gronov.</span> 
     </span>
     <span class='ocr_line' id='line_1_28' title="bbox 208 3234 1231 3305; baseline -0.002 -21"><span class='ocrx_word' id='word_1_221' title='bbox 208 3254 249 3285; x_wconf 83' lang='lat' dir='ltr'>ra.</span> <span class='ocrx_word' id='word_1_222' title='bbox 266 3241 297 3284; x_wconf 87' lang='lat' dir='ltr'>In</span> <span class='ocrx_word' id='word_1_223' title='bbox 312 3240 409 3288; x_wconf 83' lang='lat' dir='ltr'>actione</span> <span class='ocrx_word' id='word_1_224' title='bbox 424 3240 521 3288; x_wconf 83' lang='lat' dir='ltr'>minime</span> <span class='ocrx_word' id='word_1_225' title='bbox 531 3237 678 3302; x_wconf 81' lang='lat' dir='ltr'>popularis:</span> <span class='ocrx_word' id='word_1_226' title='bbox 722 3239 760 3287; x_wconf 88' lang='lat' dir='ltr'>Cf.</span> <span class='ocrx_word' id='word_1_227' title='bbox 771 3238 803 3284; x_wconf 80' lang='lat' dir='ltr'>ad</span> <span class='ocrx_word' id='word_1_228' title='bbox 814 3239 854 3294; x_wconf 92' lang='lat' dir='ltr'>II,</span> <span class='ocrx_word' id='word_1_229' title='bbox 870 3245 911 3295; x_wconf 71' lang='lat'>47,</span> <span class='ocrx_word' id='word_1_230' title='bbox 925 3253 949 3282; x_wconf 91' lang='lat' dir='ltr'>n.</span> <span class='ocrx_word' id='word_1_231' title='bbox 961 3235 1005 3305; x_wconf 19' lang='lat'>4¹),</span> <span class='ocrx_word' id='word_1_232' title='bbox 1019 3247 1043 3282; x_wconf 89' lang='lat' dir='ltr'>et</span> <span class='ocrx_word' id='word_1_233' title='bbox 1053 3234 1121 3299; x_wconf 82' lang='lat' dir='ltr'>signe</span> <span class='ocrx_word' id='word_1_234' title='bbox 1130 3234 1231 3298; x_wconf 84' lang='lat' dir='ltr'>ignomi-</span> 
     </span>
     <span class='ocr_line' id='line_1_29' title="bbox 90 3308 1145 3383; baseline -0.003 -20"><span class='ocrx_word' id='word_1_235' title='bbox 90 3332 93 3339; x_wconf 80' lang='grc'><strong>’</strong></span> <span class='ocrx_word' id='word_1_236' title='bbox 168 3317 244 3363; x_wconf 73' lang='lat' dir='ltr'>bomo</span> <span class='ocrx_word' id='word_1_237' title='bbox 253 3320 387 3381; x_wconf 86' lang='lat' dir='ltr'>populari,·</span> <span class='ocrx_word' id='word_1_238' title='bbox 397 3321 475 3367; x_wconf 87' lang='lat' dir='ltr'>Gron.</span> <span class='ocrx_word' id='word_1_239' title='bbox 487 3320 577 3383; x_wconf 87' lang='lat' dir='ltr'>probb.</span> <span class='ocrx_word' id='word_1_240' title='bbox 591 3316 678 3375; x_wconf 64' lang='lat' dir='ltr'>Drak„</span> <span class='ocrx_word' id='word_1_241' title='bbox 722 3317 778 3373; x_wconf 87' lang='lat' dir='ltr'>nia,</span> <span class='ocrx_word' id='word_1_242' title='bbox 789 3327 835 3363; x_wconf 90' lang='lat' dir='ltr'>etc.</span> <span class='ocrx_word' id='word_1_243' title='bbox 846 3315 918 3364; x_wconf 89' lang='lat' dir='ltr'>Conf.</span> <span class='ocrx_word' id='word_1_244' title='bbox 929 3308 1035 3371; x_wconf 61' lang='lat' dir='ltr'>sitiat,</span> <span class='ocrx_word' id='word_1_245' title='bbox 1047 3313 1097 3373; x_wconf 82' lang='lat'>396</span> <span class='ocrx_word' id='word_1_246' title='bbox 1107 3329 1145 3375; x_wconf 92' lang='lat' dir='ltr'>sq.</span> 
     </span>
     <span class='ocr_line' id='line_1_30' title="bbox 170 3391 1234 3458; baseline -0.006 -15"><span class='ocrx_word' id='word_1_247' title='bbox 170 3396 277 3456; x_wconf 65' lang='lat' dir='ltr'>Stroth,</span> <span class='ocrx_word' id='word_1_248' title='bbox 289 3399 363 3445; x_wconf 89' lang='lat' dir='ltr'>Doer.</span> <span class='ocrx_word' id='word_1_249' title='bbox 377 3411 402 3446; x_wconf 91' lang='lat' dir='ltr'>et</span> <span class='ocrx_word' id='word_1_250' title='bbox 418 3401 526 3457; x_wconf 86' lang='lat' dir='ltr'>Bauero,</span> <span class='ocrx_word' id='word_1_251' title='bbox 539 3399 608 3458; x_wconf 88' lang='lat' dir='ltr'>cujus</span> <span class='ocrx_word' id='word_1_252' title='bbox 621 3407 680 3444; x_wconf 80' lang='lat' dir='ltr'>nota</span> <span class='ocrx_word' id='word_1_253' title='bbox 762 3403 799 3449; x_wconf 70' lang='lat'>14.</span> <span class='ocrx_word' id='word_1_254' title='bbox 816 3394 918 3441; x_wconf 86' lang='lat' dir='ltr'>Consule</span> <span class='ocrx_word' id='word_1_255' title='bbox 928 3404 1010 3439; x_wconf 83' lang='lat' dir='ltr'>creato</span> <span class='ocrx_word' id='word_1_256' title='bbox 1021 3394 1058 3439; x_wconf 84' lang='lat' dir='ltr'>M.</span> <span class='ocrx_word' id='word_1_257' title='bbox 1068 3391 1145 3439; x_wconf 84' lang='lat' dir='ltr'>Atilio</span> <span class='ocrx_word' id='word_1_258' title='bbox 1158 3393 1234 3455; x_wconf 82' lang='lat' dir='ltr'>Regu-</span> 
     </span>
     <span class='ocr_line' id='line_1_31' title="bbox 169 3468 1237 3542; baseline -0.007 -20"><span class='ocrx_word' id='word_1_259' title='bbox 169 3486 224 3524; x_wconf 82' lang='lat' dir='ltr'>est:</span> <span class='ocrx_word' id='word_1_260' title='bbox 236 3479 291 3523; x_wconf 87' lang='lat' dir='ltr'>«De</span> <span class='ocrx_word' id='word_1_261' title='bbox 301 3478 410 3536; x_wconf 86' lang='lat' dir='ltr'>actione,</span> <span class='ocrx_word' id='word_1_262' title='bbox 422 3495 472 3525; x_wconf 88' lang='lat' dir='ltr'>non</span> <span class='ocrx_word' id='word_1_263' title='bbox 483 3479 512 3525; x_wconf 89' lang='lat' dir='ltr'>de</span> <span class='ocrx_word' id='word_1_264' title='bbox 524 3478 579 3542; x_wconf 88' lang='lat' dir='ltr'>ipso</span> <span class='ocrx_word' id='word_1_265' title='bbox 591 3476 680 3534; x_wconf 84' lang='lat' dir='ltr'>Fabio,</span> <span class='ocrx_word' id='word_1_266' title='bbox 725 3474 748 3520; x_wconf 88' lang='lat' dir='ltr'>Io</span> <span class='ocrx_word' id='word_1_267' title='bbox 763 3473 805 3539; x_wconf 89' lang='lat' dir='ltr'>(in</span> <span class='ocrx_word' id='word_1_268' title='bbox 818 3474 899 3521; x_wconf 82' lang='lat' dir='ltr'>lorum</span> <span class='ocrx_word' id='word_1_269' title='bbox 916 3472 1026 3518; x_wconf 85' lang='lat' dir='ltr'>defuncti</span> <span class='ocrx_word' id='word_1_270' title='bbox 1040 3468 1179 3533; x_wconf 77' lang='lat' dir='ltr'>Flaminii),</span> <span class='ocrx_word' id='word_1_271' title='bbox 1193 3470 1237 3533; x_wconf 85' lang='lat' dir='ltr'>qui</span> 
     </span>
     <span class='ocr_line' id='line_1_32' title="bbox 170 3549 1235 3619; baseline -0.004 -19"><span class='ocrx_word' id='word_1_272' title='bbox 170 3569 250 3600; x_wconf 87' lang='lat' dir='ltr'>sermo</span> <span class='ocrx_word' id='word_1_273' title='bbox 267 3567 317 3615; x_wconf 81' lang='lat' dir='ltr'>est3</span> <span class='ocrx_word' id='word_1_274' title='bbox 333 3572 392 3614; x_wconf 89' lang='lat' dir='ltr'>nec,</span> <span class='ocrx_word' id='word_1_275' title='bbox 408 3558 429 3603; x_wconf 86' lang='lat' dir='ltr'>si</span> <span class='ocrx_word' id='word_1_276' title='bbox 447 3558 535 3604; x_wconf 83' lang='lat' dir='ltr'>Fabius</span> <span class='ocrx_word' id='word_1_277' title='bbox 555 3555 681 3619; x_wconf 82' lang='lat' dir='ltr'>popularis</span> <span class='ocrx_word' id='word_1_278' title='bbox 722 3553 772 3611; x_wconf 82' lang='lat' dir='ltr'>jam</span> <span class='ocrx_word' id='word_1_279' title='bbox 783 3553 871 3600; x_wconf 82' lang='lat' dir='ltr'>consul</span> <span class='ocrx_word' id='word_1_280' title='bbox 883 3552 961 3599; x_wconf 86' lang='lat' dir='ltr'>fuerat</span> <span class='ocrx_word' id='word_1_281' title='bbox 973 3565 1038 3598; x_wconf 87' lang='lat' dir='ltr'>anno</span> <span class='ocrx_word' id='word_1_282' title='bbox 1050 3549 1110 3597; x_wconf 87' lang='lat' dir='ltr'>Urb.</span> <span class='ocrx_word' id='word_1_283' title='bbox 1126 3549 1184 3596; x_wconf 80' lang='lat'><strong><em>525.</em></strong></span> <span class='ocrx_word' id='word_1_284' title='bbox 1200 3575 1235 3584; x_wconf 90' lang='lat'><em>—</em></span> 
     </span>
     <span class='ocr_line' id='line_1_33' title="bbox 169 3627 1237 3698; baseline -0.003 -19"><span class='ocrx_word' id='word_1_285' title='bbox 169 3632 244 3681; x_wconf 84' lang='lat' dir='ltr'>fuisse</span> <span class='ocrx_word' id='word_1_286' title='bbox 253 3646 388 3698; x_wconf 86' lang='lat' dir='ltr'>negaretur,</span> <span class='ocrx_word' id='word_1_287' title='bbox 398 3635 525 3683; x_wconf 85' lang='lat' dir='ltr'>adderetur</span> <span class='ocrx_word' id='word_1_288' title='bbox 537 3635 561 3681; x_wconf 89' lang='lat' dir='ltr'>in</span> <span class='ocrx_word' id='word_1_289' title='bbox 571 3634 682 3681; x_wconf 87' lang='lat' dir='ltr'>actione:</span> <span class='ocrx_word' id='word_1_290' title='bbox 725 3630 983 3698; x_wconf 77' lang='lat' dir='ltr'>Rogationt&#39;sferendoe</span> <span class='ocrx_word' id='word_1_291' title='bbox 993 3629 1023 3676; x_wconf 90' lang='lat' dir='ltr'>de</span> <span class='ocrx_word' id='word_1_292' title='bbox 1033 3627 1152 3691; x_wconf 87' lang='lat' dir='ltr'>aequando</span> <span class='ocrx_word' id='word_1_293' title='bbox 1164 3627 1237 3676; x_wconf 76' lang='lat' dir='ltr'>dieu·</span> 
     </span>
     <span class='ocr_line' id='line_1_34' title="bbox 172 3709 1070 3777; baseline -0.004 -19"><span class='ocrx_word' id='word_1_294' title='bbox 172 3711 249 3773; x_wconf 85' lang='lat' dir='ltr'>quid,</span> <span class='ocrx_word' id='word_1_295' title='bbox 265 3713 333 3774; x_wconf 84' lang='lat' dir='ltr'>quod</span> <span class='ocrx_word' id='word_1_296' title='bbox 350 3730 381 3759; x_wconf 90' lang='lat' dir='ltr'>ne</span> <span class='ocrx_word' id='word_1_297' title='bbox 398 3715 450 3777; x_wconf 88' lang='lat' dir='ltr'>ipse</span> <span class='ocrx_word' id='word_1_298' title='bbox 467 3714 564 3777; x_wconf 89' lang='lat' dir='ltr'>quidem</span> <span class='ocrx_word' id='word_1_299' title='bbox 581 3713 681 3776; x_wconf 86' lang='lat' dir='ltr'>agebat,</span> <span class='ocrx_word' id='word_1_300' title='bbox 726 3712 787 3758; x_wconf 83' lang='lat' dir='ltr'>toris</span> <span class='ocrx_word' id='word_1_301' title='bbox 799 3722 824 3758; x_wconf 86' lang='lat' dir='ltr'>et</span> <span class='ocrx_word' id='word_1_302' title='bbox 837 3711 946 3774; x_wconf 81' lang='lat' dir='ltr'>magistri</span> <span class='ocrx_word' id='word_1_303' title='bbox 960 3725 998 3771; x_wconf 88' lang='lat' dir='ltr'>eq.</span> <span class='ocrx_word' id='word_1_304' title='bbox 1007 3709 1070 3767; x_wconf 85' lang='lat' dir='ltr'>jure.</span> 
     </span>
     <span class='ocr_line' id='line_1_35' title="bbox 171 3784 1240 3852; baseline -0.005 -16"><span class='ocrx_word' id='word_1_305' title='bbox 171 3788 215 3836; x_wconf 84' lang='lat' dir='ltr'>sed</span> <span class='ocrx_word' id='word_1_306' title='bbox 237 3791 330 3838; x_wconf 88' lang='lat' dir='ltr'>tribuni</span> <span class='ocrx_word' id='word_1_307' title='bbox 350 3791 379 3838; x_wconf 86' lang='lat' dir='ltr'>de</span> <span class='ocrx_word' id='word_1_308' title='bbox 399 3809 459 3839; x_wconf 70' lang='lat' dir='ltr'>eo.»</span> <span class='ocrx_word' id='word_1_309' title='bbox 482 3794 611 3840; x_wconf 84' lang='lat' dir='ltr'>Enimvero</span> <span class='ocrx_word' id='word_1_310' title='bbox 630 3806 683 3837; x_wconf 92' lang='lat' dir='ltr'>non</span> <span class='ocrx_word' id='word_1_311' title='bbox 764 3790 803 3836; x_wconf 84' lang='lat'>15.</span> <span class='ocrx_word' id='word_1_312' title='bbox 819 3791 946 3852; x_wconf 75' lang='lat' dir='ltr'>Furorque</span> <span class='ocrx_word' id='word_1_313' title='bbox 963 3784 1073 3850; x_wconf 80' lang='lat' dir='ltr'>magistri</span> <span class='ocrx_word' id='word_1_314' title='bbox 1091 3801 1128 3848; x_wconf 84' lang='lat' dir='ltr'>eq.</span> <span class='ocrx_word' id='word_1_315' title='bbox 1144 3784 1240 3832; x_wconf 78' lang='lat' dir='ltr'>animas</span> 
     </span>
     <span class='ocr_line' id='line_1_36' title="bbox 172 3863 1240 3933; baseline -0.005 -19"><span class='ocrx_word' id='word_1_316' title='bbox 172 3868 248 3915; x_wconf 84' lang='lat' dir='ltr'>modo</span> <span class='ocrx_word' id='word_1_317' title='bbox 262 3885 332 3917; x_wconf 86' lang='lat' dir='ltr'>causa</span> <span class='ocrx_word' id='word_1_318' title='bbox 344 3870 412 3917; x_wconf 85' lang='lat' dir='ltr'>Fabii</span> <span class='ocrx_word' id='word_1_319' title='bbox 428 3871 527 3918; x_wconf 84' lang='lat' dir='ltr'>minime</span> <span class='ocrx_word' id='word_1_320' title='bbox 543 3881 593 3918; x_wconf 86' lang='lat' dir='ltr'>erat</span> <span class='ocrx_word' id='word_1_321' title='bbox 603 3886 682 3933; x_wconf 88' lang='lat' dir='ltr'>popu·</span> <span class='ocrx_word' id='word_1_322' title='bbox 727 3867 860 3924; x_wconf 58' lang='lat' dir='ltr'>versabam</span> <span class='ocrx_word' id='word_1_323' title='bbox 871 3867 928 3914; x_wconf 86' lang='lat' dir='ltr'>vide</span> <span class='ocrx_word' id='word_1_324' title='bbox 937 3867 969 3914; x_wconf 85' lang='lat' dir='ltr'>ad</span> <span class='ocrx_word' id='word_1_325' title='bbox 980 3868 1018 3923; x_wconf 88' lang='lat'>11,</span> <span class='ocrx_word' id='word_1_326' title='bbox 1032 3865 1074 3922; x_wconf 76' lang='grc'>45,</span> <span class='ocrx_word' id='word_1_327' title='bbox 1083 3880 1108 3910; x_wconf 89' lang='lat' dir='ltr'>u.</span> <span class='ocrx_word' id='word_1_328' title='bbox 1119 3864 1144 3920; x_wconf 78' lang='grc' dir='ltr'>ῤ.</span> <span class='ocrx_word' id='word_1_329' title='bbox 1152 3888 1187 3898; x_wconf 89' lang='grc'>-</span> <span class='ocrx_word' id='word_1_330' title='bbox 1195 3863 1240 3909; x_wconf 82' lang='lat' dir='ltr'>Ad</span> 
     </span>
     <span class='ocr_line' id='line_1_37' title="bbox 174 3943 1235 4013; baseline -0.002 -22"><span class='ocrx_word' id='word_1_331' title='bbox 174 3946 245 4003; x_wconf 87' lang='lat' dir='ltr'>laris,</span> <span class='ocrx_word' id='word_1_332' title='bbox 257 3948 282 3994; x_wconf 92' lang='lat' dir='ltr'>h.</span> <span class='ocrx_word' id='word_1_333' title='bbox 293 3966 316 3997; x_wconf 90' lang='lat' dir='ltr'>e.</span> <span class='ocrx_word' id='word_1_334' title='bbox 332 3961 397 4012; x_wconf 85' lang='lat' dir='ltr'>grata</span> <span class='ocrx_word' id='word_1_335' title='bbox 413 3950 492 4013; x_wconf 84' lang='lat' dir='ltr'>plebi,</span> <span class='ocrx_word' id='word_1_336' title='bbox 506 3967 560 4013; x_wconf 87' lang='lat' dir='ltr'>quae</span> <span class='ocrx_word' id='word_1_337' title='bbox 571 3949 683 3996; x_wconf 86' lang='lat' dir='ltr'>Minucio</span> <span class='ocrx_word' id='word_1_338' title='bbox 728 3945 879 3994; x_wconf 86' lang='lat' dir='ltr'>suadendum</span> <span class='ocrx_word' id='word_1_339' title='bbox 886 3963 896 4002; x_wconf 92' lang='lat'><em>;</em></span> <span class='ocrx_word' id='word_1_340' title='bbox 910 3945 975 3992; x_wconf 84' lang='lat' dir='ltr'>conf.</span> <span class='ocrx_word' id='word_1_341' title='bbox 986 3943 1018 3991; x_wconf 79' lang='lat' dir='ltr'>ad</span> <span class='ocrx_word' id='word_1_342' title='bbox 1030 3943 1120 3990; x_wconf 80' lang='lat' dir='ltr'>librum</span> <span class='ocrx_word' id='word_1_343' title='bbox 1132 3943 1169 4001; x_wconf 83' lang='lat'>11,</span> <span class='ocrx_word' id='word_1_344' title='bbox 1183 3957 1235 4013; x_wconf 74' lang='lat' dir='ltr'>cap.</span> 
     </span>
     <span class='ocr_line' id='line_1_38' title="bbox 174 4024 846 4092; baseline 0.001 -22"><span class='ocrx_word' id='word_1_345' title='bbox 174 4024 292 4075; x_wconf 81' lang='lat' dir='ltr'>favebat:</span> <span class='ocrx_word' id='word_1_346' title='bbox 316 4029 359 4075; x_wconf 87' lang='lat' dir='ltr'>sed</span> <span class='ocrx_word' id='word_1_347' title='bbox 379 4046 423 4076; x_wconf 87' lang='lat' dir='ltr'>nec</span> <span class='ocrx_word' id='word_1_348' title='bbox 445 4030 497 4092; x_wconf 80' lang='lat' dir='ltr'>ipse</span> <span class='ocrx_word' id='word_1_349' title='bbox 513 4028 641 4092; x_wconf 82' lang='lat' dir='ltr'>popularis</span> <span class='ocrx_word' id='word_1_350' title='bbox 660 4027 684 4073; x_wconf 86' lang='lat' dir='ltr'>in</span> <span class='ocrx_word' id='word_1_351' title='bbox 730 4027 812 4082; x_wconf 80' lang='lat' dir='ltr'>56‚n.</span> <span class='ocrx_word' id='word_1_352' title='bbox 822 4026 846 4072; x_wconf 86' lang='lat'>6.</span> 
     </span>
    </p>
   </div>
   <div class='ocr_carea' id='block_1_3' title="bbox 0 0 1416 4568">
    <p class='ocr_par' dir='ltr' id='par_1_3' title="bbox 0 0 1416 4568">
     <span class='ocr_line' id='line_1_39' title="bbox 0 0 1416 4568; baseline 0 0"><span class='ocrx_word' id='word_1_353' title='bbox 0 0 1416 4568; x_wconf 95' lang='lat' dir='ltr'> </span> 
     </span>
    </p>
   </div>
  </div>
 </body>
</html>
