2782 4568
125 311 301 414 ἰθςὲςςςξς
386 332 974 402 trannxxncanmx.
1094 333 1210 408 253

151 483 168 518 «
182 478 303 551 pugna
312 452 390 523 fuit.
402 458 610 524 Cannenses
620 480 764 555 pampos
776 459 891 527 acervi
900 481 1130 529 romanorum
1140 486 1212 532 cor·

152 593 168 628 tt
181 588 312 660 porum
329 577 454 660 tegunt
471 590 478 631 :
493 589 560 634 nec
575 589 809 660 supersumus
825 590 953 663 pugnae
963 563 988 655 ⁵,
1004 569 1072 637 nisi
1086 571 1213 666 inqui·

150 703 166 738 «
179 673 248 744 bus
259 673 479 744 trucidandis
492 688 527 744 et
540 672 676 743 ferrum
688 686 723 742 et
733 674 825 743 vires
838 675 977 745 hostem
989 674 1211 749 defecerunt.

151 815 167 850 α
182 789 273 854 Sunt
288 787 393 855 etiam
407 783 452 855 de
467 785 598 855 nostris
613 784 777 878 quidam,
788 785 852 880 qui
865 809 911 853 ne
925 787 963 854 in
975 787 1049 857 acie
1063 787 1212 884 quidem

150 893 412 993 «refugerunt,
434 895 518 984 sed,
538 895 703 991 praesidio
723 895 845 964 castris
863 894 993 980 relicti,
1019 921 1133 992 quum
1150 922 1212 968 ea-

149 1033 165 1068 «
180 1019 251 1076 stra
273 1004 521 1091 traderentur,
543 1006 580 1074 in
601 1019 816 1102 potestatem
841 1004 999 1074 hostium
1020 1022 1212 1079 venerunt.

150 1143 167 1178 (ι
179 1114 283 1185 Haud
308 1114 477 1210 equidem
496 1114 605 1183 ullius
625 1115 710 1183 civis
732 1128 767 1184 et
786 1114 1039 1184 commilitonis
1056 1114 1210 1190 fortuna

150 1253 167 1289 «
180 1239 243 1294 aut
257 1225 458 1295 conditioni
475 1223 640 1312 invideo,
654 1249 721 1294 nec
738 1225 937 1320 premendo
956 1225 1064 1294 aliurn
1080 1251 1138 1298 me
1153 1254 1211 1299 ex·

76 1380 80 1384 -
149 1335 300 1407 «tulisse
315 1331 447 1407 velim⁶
463 1363 470 1404 :
487 1360 533 1405 ne
551 1335 603 1404 illi
622 1333 769 1432 quidem
796 1335 885 1431 (nisi
903 1336 1125 1431 pernicitatis
1146 1362 1211 1435 pe·

96 1499 98 1503 .
149 1477 166 1509 «
181 1444 268 1515 dum
288 1460 323 1516 et
339 1470 464 1516 cursus
481 1445 629 1542 aliquod
649 1447 834 1543 praemium
854 1447 946 1540 est),
964 1448 1028 1542 qui
1045 1447 1210 1545 plerique

150 1555 334 1625 «inermes
351 1581 395 1626 ex
411 1557 485 1626 acie
504 1553 679 1652 fugientes
694 1580 769 1626 non
786 1556 903 1653 prius,
921 1580 1032 1651 quam
1045 1557 1211 1627 Venusiae

149 1695 165 1730 <c
179 1679 241 1736 aut
255 1668 417 1752 Canusii,
437 1668 698 1754 constiterunt,
713 1691 750 1736 se
772 1664 878 1736 nobis
896 1667 1025 1736 merito
1045 1665 1210 1762 praetule-

149 1776 272 1862 «rint,
293 1775 507 1871 gloriatique
530 1777 625 1864 sint,
647 1778 685 1845 in
707 1800 744 1846 se
765 1776 868 1873 plus,
892 1799 1002 1871 quam
1021 1776 1059 1845 in
1081 1776 1208 1862 nobis,

149 1914 165 1949 κ
178 1887 332 1982 praesidii
351 1884 556 1983 reipublicae
575 1910 662 1957 esse.
687 1885 756 1956 Sed
775 1886 844 1955 illis
864 1900 899 1955 et
918 1884 1023 1954 bonis
1044 1909 1084 1955 ac
1107 1884 1209 1958 forti·

148 2026 165 2060 «
178 1994 247 2067 bus
265 1996 437 2068 militibus
457 1998 656 2086 meminit,
674 2010 709 2067 et
726 1995 832 2067 nobis
851 1997 957 2066 etiam
977 1999 1209 2093 promptiori·

94 2158 98 2167 .
149 2134 165 2169 ι(
178 2103 246 2176 bus
264 2130 330 2203 pro
349 2108 478 2203 patria,
493 2104 593 2203 quod
609 2104 787 2177 beneficio
805 2119 926 2177 vestro
944 2106 1139 2204 redempti,
1154 2120 1209 2177 at-

149 2243 165 2276 «
179 2215 302 2309 quein
316 2217 468 2312 patriam
483 2216 639 2286 restituti
651 2213 837 2286 fuerimus.
850 2215 1037 2286 Delectum
1052 2241 1096 2286 ex
1107 2218 1209 2286 omni

149 2338 281 2395 «aetate
296 2338 331 2396 et
347 2324 493 2396 fortuna
507 2324 646 2395 habetis
660 2340 764 2396 :octo
779 2324 889 2394 millia
901 2349 1084 2394 servorum
1101 2325 1208 2397 audio

149 2461 165 2496 «
177 2436 316 2503 armari.
333 2439 414 2505 Non
434 2437 554 2504 minor
572 2459 746 2505 numerus
762 2448 885 2505 noster
901 2449 972 2522 est,
989 2459 1056 2505 nec
1071 2435 1207 2530 majore

148 2544 292 2639 «pretio
310 2543 438 2614 redimi
457 2568 668 2640 possumus,
689 2569 798 2641 quam
817 2545 856 2614 hi
873 2560 1053 2615 emuntur.
1070 2551 1160 2618 Nam
1178 2547 1209 2616 si

148 2681 165 2716 ι(
178 2651 360 2723 conseram
376 2678 443 2723 nos
459 2679 542 2724 cum
558 2654 644 2743 illis,
657 2655 824 2748 injuriam
841 2656 980 2726 nomini
995 2679 1145 2726 romano
1162 2654 1209 2726 fa·

149 2793 165 2827 α
179 2765 279 2834 ciam.
301 2763 394 2833 Illud
415 2765 521 2836 etiarn
544 2765 581 2833 in
603 2765 664 2834 tali
682 2765 832 2835 consilio
850 2763 1209 2836 animadvertendum

148 2987 209 3034 etc.;
229 2989 265 3024 est
284 2976 417 3040 assumptio
436 2976 588 3039 argumenti,
604 2992 654 3040 quo
698 2976 766 3024 mitt.
776 3004 811 3014 --
824 2978 872 3039 Qui
884 2993 914 3023 ne
929 2977 953 3024 in
966 2976 1020 3023 acie
1033 2976 1142 3040 quidem,
1154 2976 1206 3026 scil.

147 3055 235 3119 probat
244 3055 383 3119 redemptos
392 3054 524 3117 aliquando
532 3057 654 3119 captivos,
698 3068 834 3120 pugnantes
848 3055 1001 3121 refitgerunt5
1012 3057 1086 3104 Doer.
1100 3057 1142 3103 Ea:
1154 3055 1208 3104 aet‘e

147 3136 191 3182 etsi
207 3151 299 3199 pavore
314 3137 397 3200 potius
415 3152 443 3182 ac
460 3135 530 3198 fuga,
546 3151 618 3198 quam
631 3136 655 3182 vi
699 3135 793 3182 emend.
806 3135 915 3182 Perizon.

146 3229 174 3260 ac
184 3215 275 3262 virtute
284 3215 406 3275 hostium,
418 3215 500 3263 clades
509 3225 607 3278 accepta
618 3231 655 3262 es·
734 3206 758 3254 6·
769 3206 902 3252 Premend‘t
914 3206 989 3252 allum
999 3220 1037 3252 me
1046 3204 1160 3252 mallim
1167 3220 1207 3253 ν*

146 3305 196 3352 set3
211 3296 320 3341 Gronov.
699 3285 740 3333 lim
745 3305 755 3343 5
765 3285 821 3332 vide
835 3283 865 3331 ad
881 3301 934 3348 cap.
947 3300 990 3344 1a,
1003 3300 1030 3332 n.
1044 3285 1083 3331 13.

183 3373 206 3418 5.
227 3374 278 3419 Nec
294 3390 383 3437 supers.
396 3389 505 3439 pugne,
525 3389 571 3420 nec
589 3373 654 3435 quis·
735 3391 757 3433 7.
769 3372 817 3419 Sed
823 3372 906 3422 illisu
916 3372 983 3419 bouis
992 3388 1023 3418 ac
1024 3370 1145 3436 fiinibus,
1157 3381 1206 3420 etc.

147 3465 219 3514 quam
236 3462 346 3498 nostrum
362 3453 388 3499 in
406 3469 486 3516 pugna
502 3468 553 3498 non
567 3453 654 3517 periit,
698 3456 733 3502 Ut
749 3452 919 3516 oppositorum
936 3452 998 3498 ratio
1016 3461 1125 3508 constet,
1138 3449 1205 3513 lege:

146 3530 185 3576 vel
198 3545 259 3586 nos,
273 3531 314 3592 qui
330 3547 380 3578 non
397 3534 452 3580 eaesi
471 3549 554 3580 sumus
568 3534 593 3580 in
611 3549 655 3596 pu·
698 3531 836 3581 sederitis
849 3542 873 3577 et
884 3531 952 3577 nobis
966 3530 1033 3577 bonis
1046 3529 1144 3594 ecferrt.
1155 3527 1206 3578 mit.

132 3624 208 3672 gna,
224 3624 276 3654 non
294 3609 335 3656 alii
351 3626 445 3670 sumus,
464 3611 511 3658 nisi
521 3611 551 3680 ¹in
572 3612 656 3674 quibus
700 3609 812 3665 utemini,
828 3609 896 3656 nobis
915 3609 988 3656 etiam
1002 3607 1189 3672 promptioribus
1194 3625 1207 3667 ,-

147 3687 310 3744 truct'dandis,
327 3687 357 3734 ad
371 3705 432 3750 quos
444 3690 615 3749 trucidandos,
631 3701 655 3738 et
698 3689 896 3736 Bauer.-Non
909 3687 988 3734 minor
1001 3696 1112 3733 arantem
1125 3696 1206 3733 nostor
1288 3752 1294 3759 ἱ

139 3767 237 3831 firrum
246 3767 344 3814 ct-au'res
356 3767 493 3831 defecerunt
503 3768 605 3826 hostem,
615 3769 655 3816 vel
699 3778 745 3823 est,
757 3768 821 3815 forte
833 3783 877 3813 nec
894 3768 969 3814 multo
988 3766 1067 3812 minor
1077 3783 1086 3812 :
1100 3781 1155 3811 nam
1174 3780 1205 3814 ex

147 3845 211 3892 hosti
214 3865 224 3902 ,·
231 3846 386 3893 namdic'itur
395 3858 419 3893 et
428 3845 528 3912 deficere
535 3848 641 3911 aliquem
644 3883 652 3905 ,
699 3862 752 3909 cap.
762 3862 812 3909 seq.
823 3857 931 3903 constat,
943 3844 1015 3891 fuisse
1029 3854 1119 3907 septem
1131 3843 1206 3892 millia

146 3924 172 3972 h.
183 3940 205 3970 e.
219 3925 361 3984 destituere,
372 3924 545 3985 stadonense,
559 3937 583 3974 et
596 3925 656 3994 defi·
699 3925 863 3989 captivorum
871 3924 992 3971 Periniln
1001 3923 1048 3970 vix
1056 3920 1204 3970 minoratted

147 4019 200 4049 cere
213 4003 301 4059 alicui,
320 4003 346 4052 h.
364 4021 386 4051 e.
406 4004 501 4063 deesse3
515 4005 555 4052 vel
573 4006 655 4068 potius
698 4015 786 4069 sponte
799 4004 851 4052 haec
864 4003 963 4052 Junium
978 4018 1022 4067 per
1034 3995 1151 4066 invidiam
1162 4016 1205 4049 aa·

148 4099 185 4132 res
196 4082 278 4152 deficit
288 4099 313 4132 se
324 4083 390 4150 apud
402 4100 454 4153 me,
466 4094 490 4132 et
499 4100 538 4134 ,res
551 4085 581 4134 de
599 4101 620 4133 c.
630 4100 655 4132 se
698 4085 764 4133 xiste
773 4082 923 4144 vitutum
931 4082 1026 4131 monuit
1034 4079 1109 4130 urat
