2782 4568
403 315 467 384 DE
492 314 745 385 TRANSlTU
774 314 977 384 ALPIUM.
1147 311 1217 412 495

161 439 384 526 requiescere,
403 435 545 523 spatium
568 432 748 502 reficiendis
770 434 892 498 viribus
913 434 1093 520 dedissent,
1105 436 1219 501 'immi-

162 537 482 626 nentemquecapiti
502 559 563 600 suo
584 532 756 623 procellam
778 550 919 599 avertere
941 556 1008 600 non
1027 551 1221 620 tentassent,

162 658 333 726 antequam
353 639 387 701 in
403 639 551 726 ipsorum
569 637 744 725 perniciem
762 635 946 701 detonaret!

205 743 280 806 Non
290 741 389 829 igitur
400 739 489 804 istud
498 739 646 819 Taurini,
661 760 727 801 non
739 737 828 802 istud
836 738 995 802 Hannibal
1006 761 1099 828 agere
1111 758 1222 830 potue-

99 884 101 887 ·
161 859 247 907 runt
264 841 363 929 Atqui
380 864 417 904 ea
433 857 521 904 certe
536 840 636 904 Poeno
650 839 770 927 placuit
785 839 851 916 via,
869 862 932 927 qua
946 839 1039 904 citius
1054 858 1085 905 et
1098 843 1219 908 facilius

141 987 144 991 -
161 941 326 1007 deveniret
341 941 382 1004 ad
398 943 559 1030 populos,
570 943 793 1005 Romanorum
804 940 883 1031 jugo
897 940 1102 1031 defatigatos,
1116 960 1148 1008 et
1155 946 1220 1026 jam

161 1043 286 1110 dudum
309 1039 498 1107 defectionis
519 1057 648 1129 tempus
671 1042 994 1129 circumspectantes,
1014 1042 1153 1132 ideoque
1173 1045 1222 1109 di·

161 1168 258 1234 gnos,
269 1144 329 1231 qui
348 1158 564 1232 sequerentur
580 1143 612 1214 in
625 1143 732 1230 praelia
748 1140 1222 1226 Hannibalemitlum,1jureju-

161 1245 263 1309 raudo
274 1245 442 1328 adactum,
453 1268 490 1308 sn
500 1266 658 1322 nunquan
674 1266 759 1308 roas
774 1265 809 1329 ut
823 1265 974 1308 surcrru
987 1267 1053 1309 cur(
1061 1247 1221 1312 Ronsnrs.

452 1458 578 1528 PARS
614 1458 930 1527 POSTERIOR.

100 1707 101 1710 =
205 1667 379 1754 Postquam
407 1663 641 1744 Hannibalem,
669 1661 816 1726 Herculis
844 1662 1017 1761 aemulum,
1043 1685 1101 1751 per
1126 1665 1221 1753 Alpes

161 1767 273 1830 Graias
287 1767 321 1829 in
335 1765 460 1829 Italiam
476 1762 679 1828 descendisse
691 1768 756 1850 'pro
770 1777 859 1826 certo
877 1763 1052 1846 habemus,
1068 1765 1149 1830 illud
1164 1790 1221 1831 su·

160 1883 284 1955 perest,
304 1882 358 1947 ut,
383 1889 481 1955 quam
503 1864 707 1952 potissimum
730 1864 813 1927 viam
834 1864 875 1927 ab
897 1864 1057 1959 Rhodano
1081 1882 1113 1930 et
1136 1869 1222 1932 Isara

161 1967 401 2034 confluentibus
415 1967 457 2032 ad
474 1965 596 2031 radices
614 1965 744 2054 Alpium
760 1981 917 2052 sequutus
932 1965 989 2049 sit,
1001 1967 1221 2054 inquiramus.

160 2069 203 2132 Et
214 2068 345 2155 quidem
362 2068 490 2149 Livius,
504 2065 561 2154 qui
575 2065 640 2145 jam
656 2065 750 2129 nobis
765 2067 872 2129 minus
886 2067 1088 2160 probabilem
1100 2071 1223 2158 opinio·

162 2192 237 2233 nem
256 2170 347 2257 sequi
369 2170 457 2235 visus
478 2184 545 2250 est,
567 2168 622 2232 hic
645 2191 777 2256 quoque
802 2168 920 2232 nullius
942 2169 1120 2248 adjumenti
1139 2174 1222 2258 erit3

160 2272 295 2358 ejusque
306 2271 461 2360 vestigiis,
473 2292 545 2358 quae
558 2269 665 2357 primo
681 2267 899 2350 deseruimus,
911 2291 978 2333 non
996 2268 1075 2334 tunc
1086 2271 1219 2336 demum

160 2371 361 2453 insistemus,
378 2393 513 2460 quuma
529 2386 642 2434 nostro
659 2390 791 2457 prorsus
808 2365 949 2432 alienum
967 2369 1142 2436 Poenorum
1158 2374 1221 2438 iter

159 2472 253 2534 variis
269 2471 539 2559 descriptionibus
556 2469 782 2534 adornandum
797 2468 940 2558 suscipit.
955 2470 1111 2560 Polybius
1125 2498 1220 2563 vero,

160 2594 227 2657 quo
242 2588 373 2635 auctore
388 2595 446 2660 per
461 2573 639 2635 Ceutrones
658 2570 947 2660 carthaginiensem
970 2573 1145 2638 exercitum
1162 2575 1221 2640 de·

160 2671 322 2752 misimus,
334 2671 403 2757 ipse
416 2694 477 2734 nos
490 2671 525 2734 in
539 2670 692 2759 ambiguo
709 2669 901 2735 fluctuantes
915 2661 1043 2739 deserit.
1057 2662 1187 2766 Quippe
1201 2702 1220 2744 a

115 2840 118 2847 ,
160 2771 320 2836 Rhodano
333 2772 376 2836 ad
392 2772 489 2859 Alpes
510 2771 636 2861 singula
649 2772 913 2858 praetermittens,
931 2773 1055 2862 impetu
1071 2794 1110 2840 et'
1124 2781 1217 2866 quasi

160 2874 242 2936 saltu
255 2875 390 2938 lectores
406 2872 541 2961 abripit,
558 2872 602 2936 ob
615 2871 648 2935 id
667 2887 794 2935 tantum
813 2872 982 2960 aliquoties
1001 2870 1162 2960 moratus,
1181 2897 1219 2945 ut

159 2974 314 3039 itinerum
327 2974 584 3065 longitudinem,
599 2973 718 3062 quibus
733 2972 880 3037 intricata
892 2973 1013 3036 fuerint
1028 2975 1219 3063 obstaculis,

160 3077 247 3164 quali
266 3078 300 3139 in
323 3077 392 3139 solo
410 3075 451 3138 sit
470 3092 668 3164 pugnatum,
689 3075 876 3138 summatim
897 3074 1068 3158 enunciet'3
1091 3095 1123 3140 at
1140 3078 1220 3144 dum

159 3177 281 3242 bellicis
301 3193 428 3243 tanturn
447 3176 544 3240 rebus
566 3176 707 3240 intendit
723 3175 887 3256 animum,
903 3175 1037 3238 nomina
1054 3176 1219 3263 locorum,

160 3281 217 3367 ubi
234 3303 277 3344 eae
290 3281 356 3344 sint
369 3296 482 3368 gestae,
500 3279 626 3342 silentio
641 3277 790 3368 praeterit.
809 3276 904 3341 Nihil'
911 3277 1010 3364 igitur
1027 3269 1105 3342 certi
1124 3283 1219 3348 nobis

160 3382 201 3445 de
213 3383 273 3445 hac
281 3406 316 3445 re
325 3397 471 3445 auctores
484 3379 695 3466 reliquerunt.
706 3378 817 3439 Unum
829 3391 941 3455 restat,
954 3393 991 3440 ut
1001 3378 1139 3442 maxime
1149 3404 1222 3469 pro·

159 3482 275 3545 habilia
296 3482 514 3567 inquiramus,
535 3496 568 3544 et
584 3479 660 3543 artis
681 3478 798 3542 criticae
815 3477 918 3540 facem
937 3479 1082 3564 sequuti,
1103 3481 1130 3543 si
1150 3505 1217 3546 non

158 3606 250 3664 vera,
269 3599 301 3646 at
320 3584 429 3647 saltem
446 3583 529 3646 veris
544 3579 703 3645 simillima
720 3577 907 3643 meditando
926 3578 1151 3646 extundamus.

203 3685 261 3748 Vir
283 3682 370 3770 apud
388 3684 581 3748 recentiores
603 3681 797 3745 clarissimus
812 3678 926 3757 Delus,
946 3677 1026 3742 dum
1043 3679 1217 3749 Poenorum

160 3810 274 3875 agmen
288 3786 329 3849 ab
343 3785 450 3848 Insula
465 3784 505 3848 ad
520 3800 647 3848 montes
662 3781 809 3863 deducit,
825 3779 966 3870 singula,
984 3782 1075 3867 quasi
1088 3784 1220 3872 ipsein.

160 3889 338 3967 terl'uisset,
355 3885 469 3948 ordine
486 3885 708 3974 prosequitur,
724 3883 949 3968 minutamque
963 3904 1072 3946 rerum
1089 3907 1218 3951 enarra·

160 3991 282 4053 tionem
298 3985 491 4074 quibusdam
508 3987 641 4050 minime
655 3983 793 4073 praecisis
804 3981 930 4072 Polybii
942 3984 1047 4048 verbis
1060 3986 1220 4054 subtiliter
