2782 4568
181 318 248 390 238
603 325 641 390 r.
675 325 818 392 Ltvu
1088 300 1214 407 ὓζέζξςξς

179 475 196 509 a
209 468 253 516 ex
274 457 336 513 tua
349 443 569 514 contumelia
582 459 619 514 et
633 445 773 515 miseria
787 443 890 514 alteri
905 443 1022 514 honos
1036 447 1241 540 quaeratur?

178 584 197 618 «
208 558 291 627 Non
310 568 351 624 tu
368 578 376 623 τ
395 554 424 623 si
440 552 589 650 quidem
607 560 646 645 L.
661 553 793 624 AEmilii
812 554 988 642 consulis,
1007 555 1072 651 qui
1088 578 1127 625 se
1143 554 1242 626 bene

182 666 324 750 «mori,
340 686 451 760 quam
468 665 623 758 turpiter
638 663 779 751 vivere,
795 663 941 752 maluit,
959 677 995 734 et
1013 679 1070 735 tot
1087 662 1240 734 fortissi-

178 797 353 843 «morum
366 772 549 858 virorum,
568 772 632 868 qui
650 772 743 842 circa
758 797 841 844 eum
857 772 1029 843 cumulati
1041 774 1180 867 jacent,
1195 775 1243 844 ci·

180 915 197 950 (ι
212 909 273 956 res
290 885 383 955 estis.
403 881 474 953 Sed
491 897 596 972 aute,
612 907 721 980 quam
742 886 915 982 opprimit
929 885 1011 973 lux,
1033 886 1242 981 majoraque

180 1025 198 1058 a
211 994 371 1065 bostium
389 993 532 1090 agmina
546 991 743 1090 obsepiunt
757 995 846 1082 iter,
867 1019 934 1092 per
951 994 1040 1081 hos,
1060 995 1123 1091 qui
1140 995 1242 1064 inor·

180 1135 197 1169 «
213 1104 325 1175 dinati
338 1119 448 1199 atque
459 1104 692 1201 incompositi
704 1104 921 1202 obstrepunt
935 1106 1062 1202 portis,
1074 1127 1242 1201 erumpa-

180 1243 197 1278 «
210 1238 301 1283 mus.
314 1218 422 1284 Ferro
435 1227 544 1309 atque
558 1213 706 1285 audacia
714 1216 771 1284 via
783 1213 841 1302 fit,
852 1216 1016 1311 quamvis
1029 1239 1094 1311 per
1105 1212 1243 1284 confer·

98 1352 108 1367 ·
181 1352 198 1389 «
211 1337 268 1392 tos
285 1322 417 1394 hostes.
434 1328 560 1394 Cuneo
577 1323 724 1420 quidem
740 1325 810 1396 hoc
823 1325 945 1395 laxum
959 1340 1067 1422 atque
1081 1323 1242 1395 solutum

181 1456 360 1528 «agmen,
384 1448 426 1504 ut
449 1435 478 1504 si
498 1433 590 1504 nihil
611 1433 752 1523 obstet,
777 1435 1019 1507 transibimus.
1043 1441 1171 1532 ltaque
1192 1436 1243 1505 ite

181 1572 199 1608 «
211 1567 371 1632 mecum,
383 1545 447 1640 qui
462 1559 497 1615 et
505 1559 644 1615 vosmet
658 1546 756 1642 ipsos
771 1560 807 1616 et
821 1569 897 1616 rem
911 1544 1095 1643 publicam
1111 1543 1243 1615 salvam

181 1682 199 1717 «
211 1652 330 1724 vultis.
347 1685 363 1719 >2
381 1661 463 1725 Haec
481 1653 544 1725 ubi
562 1655 655 1725 dicta
671 1655 771 1727 dedit
782 1652 810 1744 ³,
825 1657 969 1753 stringit
983 1655 1161 1754 gladium,
1178 1678 1243 1724 cu-

182 1787 327 1858 neoque
344 1762 439 1835 facto
455 1789 521 1860 per
536 1763 676 1835 medios
690 1764 788 1836 vadit
803 1765 943 1838 hostes:
961 1780 997 1837 et
1011 1789 1125 1861 quum
1138 1764 1178 1833 in
1193 1762 1243 1832 la-

183 1891 242 1946 tus
266 1875 454 1962 dextrum,
477 1875 577 1971 quod
601 1876 769 1973 patebat,
792 1878 956 1950 Numidae
979 1877 1243 1975 jacularentur,

183 1986 362 2057 translatis
379 1986 419 2054 in
437 1984 605 2056 dextrum
624 1989 754 2076 scutis,
769 1989 808 2058 in
823 1991 961 2085 majora
977 2004 1091 2059 castra
1104 1986 1150 2058 ad
1168 2011 1244 2058 sex·

183 2111 309 2167 centos
319 2109 525 2184 evaserunt;
541 2111 649 2192 atque
660 2097 745 2168 inde
756 2113 947 2196 protenus,
962 2098 1032 2168 alio
1043 2121 1175 2194 magno
1188 2120 1246 2191 ag-

184 2208 282 2278 mine
296 2205 486 2300 adjuncto,
499 2209 695 2278 Canusium
710 2208 910 2280 incolumes
923 2207 1150 2306 perveniunt.
1162 2210 1246 2274 Haec

184 2315 282 2412 apud
292 2317 406 2388 victos
420 2318 533 2415 magis
547 2318 687 2415 impetu
701 2320 920 2405 animorum,
934 2342 1045 2415 quem
1057 2316 1245 2414 ingenium

185 2449 290 2495 suum
308 2428 439 2522 cuique
458 2441 519 2498 aut
542 2426 616 2498 fors
638 2428 764 2518 dabat,
785 2453 894 2526 quam
914 2453 958 2498 ex
975 2426 1126 2498 consilio
1146 2427 1246 2524 ipso-

184 2559 285 2622 rum,
306 2550 367 2605 aut
388 2538 539 2633 imperio
562 2536 794 2634 cujusquam,
816 2537 1026 2636 agebantur.

184 2723 263 2773 socius
273 2742 282 2772 :
292 2740 348 2771 nam
360 2723 493 2771 verendum
505 2736 570 2784 erut,
584 2741 616 2772 ne
628 2727 693 2772 Han·
737 2716 808 2775 Conf.
821 2743 894 2791 supra
905 2727 937 2775 ad
948 2727 992 2776 lib.
1004 2729 1057 2785 IX,
1071 2742 1124 2790 cap.
1139 2726 1167 2783 3,
1183 2741 1208 2773 n.
1220 2725 1245 2772 3.

185 2803 266 2862 nibal,
277 2814 305 2851 ut
316 2803 375 2851 olim
387 2803 452 2868 (vid.
463 2820 484 2850 c.
498 2803 541 2868 7),
554 2806 692 2862 Romanos,
773 2806 797 2854 3.
813 2807 873 2853 Hoec
883 2805 925 2854 ubi
932 2805 1000 2854 dicta
1011 2805 1078 2852 dedu
1084 2837 1093 2860 ,
1104 2803 1248 2861 etc.‚l1exa-

185 2883 267 2947 pretio
279 2881 450 2939 redimendos,
461 2881 489 2929 in
501 2883 598 2930 vincula
610 2883 692 2941 daret,
736 2895 812 2932 meter
820 2884 914 2948 integer
920 2897 944 2932 et
949 2884 1185 2931 dimidius-Lanu
1191 2881 1250 2928 dex-

187 2973 212 3010 et
230 2962 299 3011 latini
318 2961 425 3009 nominis
446 2961 526 3010 socios
544 2961 596 3009 sine
613 2963 693 3028 pretio
739 2973 815 3019 trum,
830 2963 1021 3027 quodpatebat‚
1034 2961 1173 3026 expositum
1184 2971 1250 3019 erat,

187 3028 333 3100 dimitteret3
344 3043 419 3088 Doer.
431 3066 466 3076 -
478 3040 536 3087 Non
549 3052 587 3096 tu,
599 3041 652 3088 scil.
661 3041 695 3088 ita
739 3042 792 3089 scil.
800 3042 874 3103 ictui,
883 3059 926 3090 seu
932 3042 1041 3100 vulneri,
1049 3053 1077 3089 ut
1085 3043 1190 3097 XXXI,
1200 3040 1248 3100 39,

187 3124 273 3181 facies,
283 3123 334 3171 boe
344 3123 494 3181 committes3
506 3124 554 3170 Str.
566 3125 695 3180 Διικτικῶς
738 3120 782 3168 nbi
795 3121 867 3168 etiam
878 3120 965 3169 eodem
978 3136 1052 3168 sensu
1064 3131 1174 3184 apertum
1187 3117 1248 3179 dici-

187 3203 296 3260 dictum,
306 3214 332 3250 et
342 3197 512 3258 ἀποσιώπησις
523 3203 623 3251 aflectui
636 3218 695 3252 con·
740 3210 790 3259 tur;
799 3199 857 3247 vide
867 3198 900 3247 ad
908 3200 993 3258 XXV,
1003 3199 1048 3258 16,
1058 3215 1084 3246 n.
1093 3214 1132 3245 ra.
1142 3198 1205 3244 Mox
1213 3195 1251 3242 ad

188 3290 309 3328 sentence.
323 3280 395 3329 Cous.
405 3279 436 3326 ad
448 3281 475 3337 1,
489 3294 513 3338 7,
526 3295 551 3326 n.
563 3286 592 3339 t;
605 3281 693 3336 XXII,
738 3278 847 3326 sexcenti
857 3278 905 3342 leg.
918 3295 974 3326 cum
989 3280 1042 3326 Jac.
1060 3274 1196 3326 Gronovio.
1209 3274 1248 3323 cf.

190 3359 237 3420 39,
246 3375 272 3407 n.
283 3361 312 3417 83
325 3360 402 3407 Gron.
411 3358 483 3407 Obss.
490 3359 535 3416 IV,
542 3374 583 3407 ao.
593 3385 629 3395 --
637 3362 696 3407 Haec
740 3357 772 3405 ed
779 3358 823 3405 lib.
830 3360 875 3416 tv,
883 3374 905 3406 c.
914 3357 960 3419 59,
968 3374 993 3405 n.
1002 3365 1026 3413 4.
1033 3355 1128 3404 Deinde
1133 3366 1249 3419 protenus

188 3437 338 3502 apostrophe
353 3436 441 3501 pungit
459 3446 483 3485 et
500 3436 607 3484 stimulat
619 3437 698 3500 singu·
742 3437 828 3500 scripsi
839 3453 884 3500 pro
891 3435 1004 3500 protinus
1016 3435 1087 3503 (vide
1096 3434 1129 3483 ad
1137 3434 1250 3484 Juvenal.

186 3516 266 3565 lorum
273 3516 380 3563 animos:
389 3530 492 3577 namque
498 3514 577 3561 acrius
583 3524 696 3572 movent,
740 3519 867 3576 111‚140;
883 3517 946 3574 XII,
960 3514 1036 3579 102),
1049 3526 1074 3563 et
1091 3515 1181 3578 impetu
1197 3513 1251 3561 ani·

188 3611 243 3658 quae
263 3609 461 3657 unumquemque
483 3593 564 3640 statim
589 3593 696 3652 feriunt,
741 3611 849 3650 morum,
864 3609 935 3657 quem
952 3610 966 3641 e
984 3593 1130 3658 quibusdam
1145 3594 1209 3642 MSS
1227 3603 1251 3641 et

190 3691 261 3737 quam
273 3690 327 3737 quae
339 3674 366 3720 in
376 3673 516 3720 universum
529 3671 594 3719 dicta
607 3671 639 3721 ad
651 3672 698 3719 sin·
742 3673 856 3722 omnibus
873 3684 934 3721 autt.
949 3673 1005 3722 edd.
1020 3684 1077 3722 ante
1095 3664 1250 3722 Gronovlum

189 3753 259 3814 gulos
274 3754 354 3801 minus
369 3753 419 3800 fere
437 3750 558 3817 pertinere
574 3751 697 3800 videntur.
742 3752 837 3800 restitui
853 3767 900 3816 pro
918 3750 934 3800 ι’.
951 3769 990 3808 α.,
1007 3751 1088 3816 quod,
1104 3750 1149 3798 etsi
1162 3749 1250 3810 refrag.

190 3832 236 3877 Eu.
249 3859 284 3867 —
297 3832 345 3893 Qui
356 3848 382 3878 se
397 3831 456 3879 bene
469 3829 543 3890 mori,
559 3847 633 3894 quam
649 3842 698 3879 tur·
742 3833 819 3880 Gron.
836 3831 879 3895 qui
894 3832 943 3878 boc
957 3833 1084 3880 relativum
1098 3830 1127 3881 τὸ
1147 3828 1200 3875 hac
1216 3842 1253 3874 re-

187 3908 255 3971 piter
265 3910 345 3958 vivere
358 3911 458 3967 maluit,
473 3910 627 3974 pleonasmus
641 3926 699 3975 pro-
743 3910 836 3974 spicere
848 3920 935 3974 putat:
950 3911 1029 3974 quod,
1041 3927 1076 3958 sc.
1089 3925 1120 3956 ex
1132 3908 1181 3955 illis
1195 3922 1253 3956 con·

192 3989 298 4038 nominis
309 4005 373 4053 pers.
383 4005 420 4045 se,
432 4000 459 4037 ut
470 3988 536 4054 apud
546 3989 598 4038 Cic.
608 3991 662 4039 Cat.
674 3992 699 4047 1,
744 3989 811 4037 siliis.
821 3989 903 4038 Possis
914 4000 938 4037 et
949 4007 1009 4054 quos
1017 3991 1095 4054 legere
1106 4003 1112 4038 :
1127 3987 1252 4052 quodiam

192 4084 224 4139 ²2
238 4067 308 4133 cupio
326 4083 363 4114 me
379 4068 516 4117 clementem
534 4086 601 4134 esseg
614 4071 699 4117 Bauer.
744 4069 839 4117 monuit
850 4070 964 4116 Balacrus.
