2782 4568
1108 297 1131 331 Δ.
1145 292 1169 332 C.
1184 294 1228 334 218.

194 330 242 422 94
623 324 660 387 r.
693 321 835 389 mvn
1108 355 1230 401 m,

97 453 100 456 ’
191 448 235 518 fit
258 441 470 530 Hannibali,
494 455 530 512 et
552 442 621 537 ipsi
648 465 731 512 cum
758 438 941 537 equitibus
969 436 1013 508 ad
1035 435 1258 533 exploranda

194 556 287 627 circa
301 553 379 622 loca
397 574 598 648 progresso
616 551 744 622 Neutri
761 549 892 619 alteros
905 550 1022 645 primo
1040 546 1255 618 cernebant:

195 664 339 736 densior
366 661 498 732 deinde
527 663 671 731 incessu
699 675 755 730 tot
783 659 972 730 hominnm
1004 682 1257 754 equorumque

196 775 315 845 oriens
338 773 456 870 pulvis
482 773 624 868 signum
645 771 967 868 propinquantium
996 768 1154 838 hostiurn
1177 766 1255 836 luit.

197 884 573 977 Constititutrumque
585 881 908 978 agmen,etpraelio
919 904 995 950 sese
1006 876 1257 976 expediebant.

198 995 317 1089 Scipio
337 993 553 1087 jaculatores
571 1007 605 1062 et
626 992 738 1090 gallos
763 988 927 1088 equites3
949 992 987 1059 in
1011 988 1129 1059 fronte
1147 989 1260 1077 locat,

200 1108 402 1191 Romanos,
423 1104 677 1199 sociorumque
701 1101 803 1199 quod
824 1099 967 1170 roboris
985 1097 1069 1185 fuit,
1090 1080 1128 1167 in
1148 1096 1261 1168 subsi-

199 1211 275 1282 diis.
298 1211 479 1282 Hannibal
506 1210 667 1283 frenatos
690 1213 831 1307 equites
852 1213 890 1279 in
914 1209 1073 1280 medium
1098 1209 1261 1304 accipitl,

200 1347 340 1394 cornua
357 1322 522 1394 Numidis
537 1321 666 1393 firmat.
683 1322 840 1393 Vixdum
857 1322 1013 1392 clamore
1032 1319 1189 1405 sublata,
1206 1319 1263 1412 ja-

201 1432 378 1504 culatores
391 1431 562 1528 fugerunt
573 1434 670 1504 inter
680 1431 838 1502 subsidia
849 1433 894 1502 ad
906 1431 1101 1504 secundam
1112 1424 1245 1518 aciem⁵
1252 1453 1261 1496 ε

200 1543 285 1613 inde
303 1542 468 1638 equitum
482 1555 665 1612 certamen
685 1557 760 1611 erat
773 1543 983 1638 aliquandiu
999 1564 1149 1637 anceps;
1163 1539 1262 1626 dein,

203 1654 287 1748 quia
305 1650 502 1721 turbabant
526 1674 640 1745 equos
667 1651 809 1747 pedites
829 1653 1046 1738 intermixti,
1070 1649 1192 1720 multis
1213 1649 1264 1718 la·

203 1759 376 1831 bentibus
395 1785 439 1830 ex
455 1761 575 1854 equiS,
597 1774 658 1829 aut
676 1757 942 1843 desilientibus,
966 1758 1030 1828 ubi
1047 1783 1130 1828 suos
1150 1757 1267 1853 premi

205 1872 470 1940 circumventos
489 1868 678 1956 vidissent,
691 1869 765 1962 jam
778 1891 906 1963 magna
923 1879 1082 1962 exparte
1098 1865 1141 1935 ad
1156 1867 1269 1961 pedes

204 2082 232 2129 in
241 2079 391 2144 corrigendis
401 2079 515 2144 repetivit
524 2079 616 2139 Aldus,
625 2082 718 2127 etJun·
760 2083 841 2133 media
857 2082 910 2129 acie
923 2097 955 2128 ex
975 2081 1077 2127 adverso
1096 2079 1164 2128 hosti
1181 2080 1269 2127 fronti·

204 2173 242 2208 tas
266 2158 455 2223 Mogontinique
477 2169 656 2222 expresserunt.
682 2159 717 2206 At
761 2178 810 2224 que
824 2162 945 2225 Scipionis
959 2161 1092 2225 opposuit,
1109 2157 1163 2216 τοὺς
1176 2151 1205 2206 di
1220 2160 1269 2206 Na·

205 2255 257 2287 non
272 2239 346 2287 video
367 2253 410 2284 cur
430 2249 514 2285 nostra
534 2238 608 2286 lectio
629 2237 718 2285 sollici·
761 2233 879 2307 μαδικοῦς
894 2237 977 2295 ἱππεῖς
995 2236 1036 2304 ἀφ’
1048 2237 1161 2306 ἑκατέρου
1176 2240 1218 2286 τοῦ
1231 2233 1269 2286 κε’·

206 2319 280 2366 tanda
297 2319 345 2379 sit;
360 2316 443 2381 Scipio
460 2317 512 2364 ibat
531 2317 563 2364 ad
581 2328 656 2364 eastra
672 2316 716 2364 ho·
760 2336 832 2385 ρατος
855 2315 985 2386 irrupisti
1004 2317 1062 2384 πρὸς
1084 2317 1218 2377 κύκλωσιν,
1237 2316 1269 2363 ab

207 2398 295 2455 stium,
314 2407 342 2443 ut
360 2412 391 2443 ex
406 2396 546 2460 propinquo
566 2396 617 2454 ejus
633 2395 717 2459 copias
760 2408 865 2460 utroque
879 2412 956 2444 cornu
969 2397 1115 2460 preparavit
1127 2396 1157 2443 ad
1171 2395 1270 2457 cingen-

207 2475 385 2538 specnlaretur3
398 2474 485 2537 planus
496 2483 531 2519 est
543 2489 635 2520 sensus.
645 2474 691 2520 En.
763 2475 821 2522 dum
833 2475 943 2532 bostem,
957 2486 981 2523 et
993 2474 1032 2522 vel
1045 2490 1059 2521 a
1071 2473 1197 2532 lateribus,
1207 2473 1270 2520 vela

246 2554 269 2600 3.
283 2552 362 2614 Scipio
368 2551 518 2615 jaculatores
530 2562 554 2597 et
563 2551 644 2615 gallos
655 2550 720 2614 equi·
763 2565 833 2618 tergo
843 2553 1039 2618 aggrediendum.

210 2643 256 2686 tes,
272 2631 314 2692 qui
326 2630 430 2677 leviores
444 2640 512 2676 erant
523 2631 632 2692 equitatu
642 2645 719 2677 roma-
800 2633 825 2680 5.
838 2636 906 2680 Inter
914 2633 1021 2680 subsidia
1029 2632 1066 2679 ad
1073 2631 1169 2679 secund.
1179 2632 1269 2689 aciem,

209 2725 243 2757 no
260 2720 284 2757 et
298 2709 435 2767 sociorum,
453 2708 476 2754 in
486 2707 573 2773 fronte
588 2709 665 2766 locat,
680 2725 718 2755 ro·
764 2714 817 2777 lege
834 2713 919 2760 saltem
934 2711 1042 2759 subsidia
1057 2727 1088 2757 ac
1100 2711 1198 2758 secrtnd.
1215 2728 1269 2767 ae„

210 2804 296 2835 manos
309 2787 402 2851 equites
414 2787 581 2851 sociorumque
590 2787 658 2850 quod
667 2788 718 2834 rob.
765 2803 792 2839 ut
802 2792 846 2849 IV,
859 2792 905 2849 283
915 2790 954 2836 vel
964 2790 1016 2837 dele
1029 2788 1061 2842 τὰ
1076 2790 1139 2837 inter
1150 2791 1272 2847 subsidia,

204 2865 258 2931 suit
266 2864 307 2932 (in
317 2864 436 2930 equitatu)
447 2866 472 2912 in
481 2865 604 2922 subsidiis,
616 2878 644 2914 ut
654 2866 720 2930 apud
745 2886 747 2889 ¹
765 2886 819 2933 quae
831 2870 876 2917 Ms
886 2869 998 2917 Cantabr.
1009 2869 1118 2933 ignorat,
1130 2886 1160 2916 ne
1173 2884 1273 2933 prorsus

212 2945 300 3010 Polyb.
317 2946 368 3002 ΙΙΙ,
387 2945 420 2992 65
442 2944 544 3010 (ubief.
559 2943 720 3008 Schweigh.),
766 2949 848 2996 eadem
858 2948 1045 3010 distinguantur,
1057 2948 1100 2995 sed
1109 2949 1191 2995 Livius
1200 2947 1273 3011 paulo

212 3024 356 3094 προθέμενος
373 3023 427 3084 τοὺς
441 3021 586 3081 ἀκοντιστὰς
606 3023 646 3075 καὶ
666 3024 720 3082 τοὺς
766 3039 822 3075 ante
831 3028 855 3075 in
864 3027 982 3084 subsidiis,
996 3039 1020 3076 et
1028 3043 1095 3074 nunc
1102 3021 1274 3072 adsentiendum

214 3105 268 3173 ἅμα
283 3104 376 3162 τούτοις
390 3104 538 3162 retexente
553 3105 652 3166 ἱππεῖς,
667 3103 721 3161 τοὺς
767 3107 845 3154 aciem
857 3106 947 3153 dixerit
961 3106 1070 3152 variandi
1082 3120 1152 3152 causa
1170 3104 1210 3168 (ut
1223 3104 1274 3162 VI,

213 3179 243 3234 di
261 3183 356 3241 λοιποὺς
376 3183 398 3234 ἐν
417 3182 525 3253 μετώπῳ
545 3182 722 3242 καταστήσας,
770 3189 800 3245 8,
814 3197 838 3234 et
852 3186 897 3245 233
906 3187 1010 3244 mx,
1026 3182 1086 3248 36),
1098 3185 1151 3231 Jac.
1163 3183 1276 3230 Gronov.

213 3264 291 3310 levem
301 3273 444 3309 armaturam
453 3262 544 3310 locavit
551 3273 607 3309 ante
615 3277 725 3325 gravem,
769 3266 855 3312 -Me
874 3264 934 3312 fallit
951 3264 1065 3321 omniuo,
1078 3277 1131 3326 quae
1151 3261 1182 3308 sit
1203 3260 1276 3321 hujus

215 3357 360 3404 gravemque
377 3342 405 3387 in
423 3343 529 3389 frontem
549 3341 656 3390 direxit:
669 3358 726 3389 nam
769 3344 819 3391 loci
837 3343 985 3391 sollicitandi
1002 3357 1091 3390 cause:
1108 3341 1180 3406 plana
1197 3340 1277 3398 enim,

215 3423 328 3488 μέτωπον
339 3422 365 3467 in
375 3421 427 3467 acie
436 3436 611 3484 nonnunquam
621 3420 725 3484 Polybio
770 3424 868 3487 opinor,
879 3421 1020 3468 viderentur
1035 3421 1132 3480 omnia,
1144 3421 1165 3467 si
1179 3419 1201 3466 is
1214 3419 1276 3466 ordo

180 3543 183 3556 ,
216 3499 306 3547 dicitur
324 3500 393 3546 frona
410 3498 476 3545 illius
492 3499 567 3562 partis
584 3499 658 3556 aciei,
671 3514 726 3562 quae
769 3501 900 3548 verborum
916 3510 994 3548 esset:
1006 3499 1127 3566 fiagerunt
1142 3499 1178 3546 ad
1195 3514 1278 3545 secam·

217 3578 309 3626 stabilis
323 3588 372 3636 est,
382 3588 407 3624 et
419 3579 524 3640 graviter
536 3587 633 3623 armata.
771 3578 830 3625 dam
843 3578 920 3625 acr'em
936 3578 998 3626 inter
1013 3579 1123 3626 subsidia
1127 3614 1135 3636 ,
1146 3578 1174 3625 id
1185 3588 1234 3635 ert,
1248 3577 1279 3624 ad

253 3664 277 3711 4.
289 3655 417 3703 Hannibal
415 3654 530 3719 frenatos
540 3654 630 3718 equites
643 3655 667 3701 in
678 3671 726 3700 me·
771 3673 819 3704 sec.
839 3658 916 3704 aciem
934 3674 959 3704 se
978 3668 1138 3722 receperunt,
1157 3671 1210 3720 quae
1228 3665 1280 3702 erat

218 3732 285 3779 dium
294 3733 395 3798 acepit,
406 3749 499 3780 cornua
508 3733 621 3779 Numidis
622 3733 713 3800 firmat
716 3752 727 3789 ,·
771 3735 886 3783 subsidia.
901 3739 977 3783 Porro
988 3737 1054 3784 nulla
1067 3734 1197 3784 difficultas
1207 3743 1244 3779 est
1253 3734 1280 3780 in

219 3812 303 3859 confer
312 3813 343 3859 ad
352 3829 405 3876 cap.
416 3820 449 3868 44
457 3829 495 3877 pr.
504 3813 591 3877 Polyb.
600 3813 648 3859 loc.
660 3811 725 3859 laud.
770 3814 833 3860 Livii
842 3815 937 3873 verbis3
950 3831 1034 3862 sensus
1042 3825 1109 3878 patet
1118 3812 1280 3872 :jaculatores

219 3888 263 3943 τὴν
276 3889 318 3957 μὲν
332 3892 522 3960 κεχαλινωμένην
537 3891 610 3943 ἵππον
623 3889 664 3941 καὶ
676 3892 725 3942 πᾶν
770 3893 884 3955 fugerunt
898 3895 960 3940 inter
975 3893 1095 3949 subsidia,
1113 3906 1167 3954 quae
1183 3891 1286 3938 stabant.

220 3967 247 4017 τὸ
270 3969 389 4037 στάσιμον
411 3972 485 4029 αὐτῆς
509 3969 574 4022 κατὰ
597 3971 725 4039 πρόσωπον
771 3970 808 4016 ad
818 3971 948 4019 secundam
960 3973 1044 4020 aciem.
1056 3972 1103 4018 En.
1117 3969 1281 4034 -Equitum

221 4045 314 4108 τάξας,
341 4047 440 4100 entire
463 4052 512 4108 τοῖς
535 4049 679 4116 πολεμίοις,
700 4052 727 4098 in
771 4049 934 4112 frenatorum,
948 4062 973 4099 et
984 4053 1087 4099 Roman.
1100 4051 1279 4114 sociorumque.
