2782 4568
188 342 257 424 242
608 333 815 402 T.1.1V11
1095 307 1220 410 titt

187 458 383 532 Canusium
401 451 653 552 perfugerant,
672 451 803 522 mulier
816 449 949 547 Apula,
970 448 1118 520 nomine
1132 455 1246 540 Busa,

186 592 318 666 genere
336 566 430 638 clara
447 588 487 636 ac
505 562 655 650 divitiis,
673 560 856 632 moenibus
874 573 1016 631 tantum
1033 560 1210 656 tectisque
1225 586 1247 633 a

186 677 375 751 Canusinis
391 688 573 773 acceptos,
590 670 790 760 frumento,
801 685 916 757 veste,
928 670 1057 739 viatico
1071 669 1178 739 etiam
1187 671 1246 764 ju·

185 791 262 860 vit:
284 812 351 886 pro
370 809 443 883 qua
460 786 493 855 ei
511 780 760 853 munificentia
781 795 925 879 postea,
947 777 1045 850 bello
1063 775 1246 876 perfecto,

187 898 232 971 ab
249 911 378 969 senatu
398 895 559 966 honores
575 891 690 964 habiti
708 907 804 964 sunt.
941 906 942 910 ’

232 1012 326 1080 LIII.
345 1013 544 1094 Caeterum,
562 1029 677 1102 quum
695 1002 746 1074 ibi
765 1002 904 1074 tribuni
921 999 1077 1071 militum
1093 1013 1251 1095 quatuor

187 1134 324 1207 essent,
341 1116 471 1188 Fabius
489 1117 666 1188 Maximus
685 1114 730 1186 de
748 1115 889 1210 legione
908 1113 1041 1208 prima,
1060 1109 1163 1203 cujus
1183 1117 1249 1206 pa·

186 1243 243 1302 ter
259 1230 380 1327 priore
393 1252 491 1298 anno
508 1225 661 1298 dictator
675 1224 812 1312 fluerat,
825 1237 861 1293 et
877 1221 922 1292 de
937 1221 1078 1318 legione
1093 1219 1251 1292 secunda
1302 1309 1304 1313 Ι

184 1343 227 1411 L.
241 1337 422 1410 Publicius
439 1334 590 1408 Bibulus
608 1351 645 1407 et
661 1339 698 1406 P.
715 1333 905 1405 Cornelius
923 1331 1065 1428 Scipio,
1085 1344 1121 1400 et
1139 1329 1184 1400 de
1201 1330 1250 1401 le·

185 1453 292 1548 gione
305 1449 410 1520 tertia
425 1451 492 1545 Ap.
509 1444 681 1516 Claudius
697 1442 869 1530 Pulcher,
885 1442 950 1537 qui
964 1441 1128 1539 proxime
1142 1439 1252 1512 aedilis

186 1561 323 1648 firerat3
338 1557 501 1630 omnium
516 1578 698 1626 consensu
712 1553 756 1624 ad
770 1557 808 1624 P.
821 1553 1043 1649 Scipionem,
1053 1549 1251 1622 admodum

186 1672 472 1755 adolescentem,
484 1680 520 1738 et
532 1665 578 1737 ad
587 1668 653 1762 Ap.
662 1663 855 1736 Claudium
868 1680 1008 1733 summa
1021 1662 1181 1758 imperii¹
1193 1660 1251 1732 de·

186 1782 256 1851 lata
267 1794 331 1851 est.
345 1775 488 1866 Quibus
500 1774 791 1847 consultantibus
804 1776 900 1845 inter
909 1796 1043 1870 paucos
1054 1771 1100 1844 de
1112 1796 1251 1843 summa

187 1911 328 1975 rerum,
347 1886 490 1956 nuntiat
505 1890 540 1955 P.
554 1885 682 1956 Furius
697 1883 820 1955 Philus
837 1883 1035 1954 consularis
1047 1883 1115 1952 viri
1132 1881 1250 1953 filius:

187 1995 447 2094 Nequidquam
465 2019 525 2066 eos
537 1993 723 2092 perditam
742 2019 840 2091 spem
854 1995 983 2088 fovere
998 2020 1008 2062 .·
1025 1993 1250 2090 desperatam

189 2107 519 2205 comploratamque
542 2131 614 2177 rem
637 2129 711 2176 esse
722 2104 914 2203 publicam
928 2113 954 2173 ².
976 2102 1129 2176 Nobiles
1144 2105 1253 2201 juve-

190 2239 253 2285 nes
272 2213 467 2314 quosdam,
488 2238 643 2312 quorum
655 2218 857 2312 principem
872 2218 913 2284 L.
930 2212 1110 2284 Coeeilium
1132 2213 1252 2284 Metel-

190 2321 304 2409 lum³‚
327 2324 428 2395 mare
447 2350 491 2395 aa
509 2350 616 2396 nares
628 2340 804 2422 spectare,
824 2339 880 2410 ut,
901 2323 1040 2394 deserta
1057 2321 1183 2408 Italia,
1200 2320 1256 2393 ad

189 2458 308 2530 regem
334 2433 494 2530 aliquem
519 2436 767 2532 transfugiant.
794 2433 904 2524 Quod
926 2433 1080 2515 malum,
1103 2447 1252 2530 praeter-

190 2567 300 2640 quam
313 2557 432 2630 atrox,
446 2568 556 2640 super
569 2559 625 2615 tot
638 2545 757 2616 clades
768 2547 875 2616 etiam
887 2569 1039 2631 novum,
1054 2569 1169 2641 quum
1178 2558 1251 2615 stu-

189 2675 280 2750 pore
294 2675 338 2722 ao
348 2653 522 2726 miraculo
534 2655 700 2753 torpidos
711 2655 927 2743 defixissetl,
942 2669 990 2742 et,
1004 2657 1067 2751 qui
1081 2655 1249 2743 aderant,

190 2762 383 2835 consilium
401 2765 651 2857 advocandum
668 2766 714 2839 de
728 2793 771 2839 eo
788 2780 997 2853 censerent;
1011 2779 1117 2861 negat
1133 2765 1252 2836 consi-

190 2872 230 2944 lii
244 2897 322 2945 rem
341 2898 418 2945 esse
433 2877 552 2974 Scipio
567 2879 729 2973 juvenis,
743 2876 858 2949 fatalis
876 2873 975 2948 dux⁵
990 2876 1141 2970 hujusce
1153 2874 1250 2946 belli.

191 3044 229 3115 11,
242 3054 289 3114 58,
301 3053 701 3123 n.1);eont.stt.x,toasq.n0
781 3066 805 3113 t.
823 3059 902 3119 orum
914 3068 1012 3120 stupore
1026 3072 1059 3104 aa
1073 3056 1191 3104 miracala
1207 3065 1255 3102 tor-

192 3135 259 3182 Basa
270 3134 398 3182 oonival.
408 3136 476 3185 Max.
487 3137 533 3197 IV,
546 3139 575 3198 8,
588 3153 614 3186 a.
740 3137 815 3202 pidos
824 3137 855 3184 de
892 3138 962 3194 isset,·
970 3136 1027 3184 vide
1033 3136 1066 3184 ad
1073 3139 1124 3195 111,
1138 3142 1180 3192 47,
1188 3150 1213 3180 n.
1224 3148 1251 3194 9.

227 3214 287 3263 Car.
296 3215 363 3262 LIII.
376 3229 401 3262 1.
414 3216 513 3263 Summa
522 3215 617 3280 imperii
625 3229 651 3266 et
664 3232 701 3264 re-
744 3218 808 3264 Mox
818 3231 865 3280 pro
878 3216 1003 3265 eonsilium
1016 3228 1041 3265 et
1052 3214 1148 3264 consilii
1156 3214 1188 3262 al.
1197 3229 1254 3260 eon-

192 3307 263 3350 rum,·
277 3291 377 3340 vidend
389 3295 440 3354 111,
454 3296 479 3354 5,
490 3311 515 3345 u.
527 3295 552 3344 6.
744 3295 826 3344 ailiam
836 3307 861 3344 et
871 3295 983 3354 concilim
991 3296 1044 3344 vid.
1054 3299 1080 3354 1,
1092 3295 1139 3352 bt,
1150 3309 1175 3341 n.
1186 3307 1208 3338 1.

235 3386 261 3418 a.
288 3371 447 3434 Desperatum
477 3374 702 3438 comploratamque
780 3375 804 3423 5.
821 3374 914 3423 Fatalis
929 3375 982 3422 dax
996 3374 1094 3439 bujasce
1111 3372 1183 3430 sellu
1196 3371 1254 3419 vide

193 3464 268 3512 remp.
274 3466 285 3505 ,-
294 3449 352 3496 vide
362 3450 394 3498 ed
404 3453 455 3510 111,
470 3453 515 3510 38,
526 3468 551 3499 a.
562 3453 586 3500 3.
743 3453 776 3501 ed
784 3455 820 3516 V,
833 3469 877 3516 19,
889 3470 915 3501 n.
929 3456 953 3501 3.
966 3455 1029 3502 Mox
1041 3453 1108 3501 nullo
1122 3450 1254 3518 (saleco)

229 3529 252 3576 ³.
269 3527 369 3575 Nobiles
378 3528 478 3593 jarerres
492 3531 625 3594 quosdam,
640 3547 702 3594 quo·
744 3546 828 3580 omnes
841 3534 891 3580 fere
902 3534 975 3582 MSS.
987 3535 1117 3598 Nusquam
1131 3531 1256 3580 addente

191 3623 245 3655 rum
249 3606 386 3671 pn'aarpem
395 3608 423 3657 L.
434 3607 555 3657 milam
564 3610 699 3669 Metellum,
745 3613 905 3660 Gronovium.
913 3615 969 3660 Hoc
980 3614 1084 3676 glossam
1094 3613 1201 3660 redolet:
1211 3609 1255 3657 sed

193 3685 370 3743 ete-tridenti
385 3687 546 3746 Sil.1,415
560 3705 646 3753 sq.—-
659 3689 704 3738 Aa
744 3690 805 3738 illud
824 3707 911 3751 nemo,
927 3692 996 3755 quod
1015 3693 1105 3750 seiam,
1123 3691 1157 3737 ita
1179 3689 1253 3736 dixit.

192 3779 276 3829 regum
292 3764 399 3829 aliquem
413 3764 538 3815 addente
551 3768 642 3830 Drak.;
655 3769 699 3817 sed
742 3772 822 3818 humo
841 3771 889 3835 leg.
908 3772 993 3829 nulla,
1013 3771 1081 3836 quod
1103 3779 1128 3816 et
1153 3767 1253 3814 monuit

192 3841 227 3890 ita
237 3842 488 3910 Liviusfirritimorum
495 3846 536 3894 vel
545 3846 623 3897 simile
632 3848 699 3913 quod
742 3851 843 3908 Bener.;
857 3850 902 3898 etsi
918 3850 1031 3899 schefer.
1044 3849 1197 3904 adversatur,
1210 3846 1254 3910 qui

193 3920 342 3983 addidissem
360 3925 434 3972 Doer.
454 3925 517 3972 Mox
534 3937 699 3991 preterquam
742 3938 828 3994 patet,
842 3929 920 3994 ipsam
932 3929 1046 3978 lectionis
1061 3927 1203 3975 venantem
1218 3941 1253 3972 ar·

192 3999 261 4063 quod
277 4011 352 4048 atrae
367 4001 424 4051 edd.
439 4015 494 4052 ante
509 4006 635 4065 Gronov„
648 4023 699 4055 non
743 4023 831 4072 gnere,
843 4009 910 4057 nullo
923 4026 937 4056 a
948 4009 1012 4056 Livii
1026 4024 1100 4056 manu
1114 4006 1251 4072 profectum

193 4078 270 4136 MS&
281 4079 338 4128 Υῑᾶθ
349 4079 381 4127 ⁸⁶
395 4081 427 4138 Vr
443 4089 488 4139 ¹4,
500 4098 525 4129 ¹¹·
536 4083 559 4129 5·
744 4103 803 4136 esse.
812 4113 847 4124 -·
856 4087 942 4138 Nostri
950 4089 1032 4138 ferunt
1041 4087 1117 4136 nullo.
1127 4087 1172 4134 Eo.
