<?xml version="1.0" encoding="UTF-8"?>
<!DOCTYPE html PUBLIC "-//W3C//DTD XHTML 1.0 Transitional//EN"
    "http://www.w3.org/TR/xhtml1/DTD/xhtml1-transitional.dtd">
<html xmlns="http://www.w3.org/1999/xhtml" xml:lang="en" lang="en">
 <head>
  <title>
</title>
<meta http-equiv="Content-Type" content="text/html;charset=utf-8" />
  <meta name='ocr-system' content='tesseract 3.04.00' />
  <meta name='ocr-capabilities' content='ocr_page ocr_carea ocr_par ocr_line ocrx_word'/>
</head>
<body>
  <div class='ocr_page' id='page_1' title='image "./titusliviuspata06freigoog_0348.png"; bbox 0 0 2782 4568; ppageno 0'>
   <div class='ocr_carea' id='block_1_1' title="bbox 148 311 1311 2623">
    <p class='ocr_par' dir='ltr' id='par_1_1' title="bbox 148 311 1311 2623">
     <span class='ocr_line' id='line_1_1' title="bbox 183 311 1228 427; baseline 0 -27"><span class='ocrx_word' id='word_1_1' title='bbox 183 311 307 427; x_wconf 59' lang='lat' dir='ltr'><strong>lsljssss:</strong></span> <span class='ocrx_word' id='word_1_2' title='bbox 345 335 495 401; x_wconf 73' lang='lat' dir='ltr'><strong>uranu</strong></span> <span class='ocrx_word' id='word_1_3' title='bbox 523 335 670 402; x_wconf 80' lang='lat' dir='ltr'><strong>xxur.</strong></span> <span class='ocrx_word' id='word_1_4' title='bbox 699 332 1035 400; x_wconf 73' lang='lat' dir='ltr'><strong>canxxxvu.</strong></span> <span class='ocrx_word' id='word_1_5' title='bbox 1149 328 1228 416; x_wconf 68' lang='lat' dir='ltr'><strong>aas</strong></span> 
     </span>
     <span class='ocr_line' id='line_1_2' title="bbox 159 451 1220 552; baseline 0.004 -32"><span class='ocrx_word' id='word_1_6' title='bbox 159 453 258 546; x_wconf 83' lang='lat' dir='ltr'>ginta</span> <span class='ocrx_word' id='word_1_7' title='bbox 270 455 341 523; x_wconf 91' lang='lat' dir='ltr'><strong>vivi</strong></span> <span class='ocrx_word' id='word_1_8' title='bbox 356 455 450 552; x_wconf 90' lang='lat' dir='ltr'><strong>capti</strong></span> <span class='ocrx_word' id='word_1_9' title='bbox 461 455 573 550; x_wconf 89' lang='lat' dir='ltr'><strong>;·qui,</strong></span> <span class='ocrx_word' id='word_1_10' title='bbox 586 456 678 525; x_wconf 92' lang='lat' dir='ltr'><strong>circa</strong></span> <span class='ocrx_word' id='word_1_11' title='bbox 692 476 816 523; x_wconf 89' lang='lat' dir='ltr'><strong>muros</strong></span> <span class='ocrx_word' id='word_1_12' title='bbox 831 466 867 522; x_wconf 89' lang='lat' dir='ltr'><strong>et</strong></span> <span class='ocrx_word' id='word_1_13' title='bbox 884 454 922 522; x_wconf 92' lang='lat' dir='ltr'><strong>in</strong></span> <span class='ocrx_word' id='word_1_14' title='bbox 937 451 1151 522; x_wconf 87' lang='lat' dir='ltr'><strong>stationibus</strong></span> <span class='ocrx_word' id='word_1_15' title='bbox 1164 477 1220 524; x_wconf 89' lang='lat' dir='ltr'><strong>so-</strong></span> 
     </span>
     <span class='ocr_line' id='line_1_3' title="bbox 158 559 1222 661; baseline 0.002 -31"><span class='ocrx_word' id='word_1_16' title='bbox 158 559 234 634; x_wconf 90' lang='lat' dir='ltr'><strong>lute</strong></span> <span class='ocrx_word' id='word_1_17' title='bbox 251 589 291 633; x_wconf 92' lang='lat' dir='ltr'><strong>ac</strong></span> <span class='ocrx_word' id='word_1_18' title='bbox 306 564 528 661; x_wconf 85' lang='lat' dir='ltr'><strong>negligenter</strong></span> <span class='ocrx_word' id='word_1_19' title='bbox 542 579 705 661; x_wconf 83' lang='lat' dir='ltr'><strong>agentes,</strong></span> <span class='ocrx_word' id='word_1_20' title='bbox 723 587 837 660; x_wconf 88' lang='lat' dir='ltr'><strong>quum</strong></span> <span class='ocrx_word' id='word_1_21' title='bbox 856 561 943 631; x_wconf 85' lang='lat' dir='ltr'><strong>nihil</strong></span> <span class='ocrx_word' id='word_1_22' title='bbox 958 563 1097 650; x_wconf 90' lang='lat' dir='ltr'><strong>minus,</strong></span> <span class='ocrx_word' id='word_1_23' title='bbox 1113 587 1222 658; x_wconf 92' lang='lat' dir='ltr'><strong>quam</strong></span> 
     </span>
     <span class='ocr_line' id='line_1_4' title="bbox 160 670 1223 771; baseline -0.002 -27"><span class='ocrx_word' id='word_1_24' title='bbox 160 676 410 771; x_wconf 83' lang='lat' dir='ltr'><strong>eruptionem,</strong></span> <span class='ocrx_word' id='word_1_25' title='bbox 431 675 657 761; x_wconf 83' lang='lat' dir='ltr'><strong>timuissent,</strong></span> <span class='ocrx_word' id='word_1_26' title='bbox 677 700 720 744; x_wconf 84' lang='lat' dir='ltr'><strong>ex</strong></span> <span class='ocrx_word' id='word_1_27' title='bbox 742 673 936 770; x_wconf 88' lang='lat' dir='ltr'><strong>improviso</strong></span> <span class='ocrx_word' id='word_1_28' title='bbox 960 673 1122 768; x_wconf 86' lang='lat' dir='ltr'><strong>oppressi</strong></span> <span class='ocrx_word' id='word_1_29' title='bbox 1143 670 1223 742; x_wconf 84' lang='lat' dir='ltr'><strong>fue-</strong></span> 
     </span>
     <span class='ocr_line' id='line_1_5' title="bbox 160 781 1232 881; baseline 0 -28"><span class='ocrx_word' id='word_1_30' title='bbox 160 796 253 853; x_wconf 88' lang='lat' dir='ltr'><strong>rant.</strong></span> <span class='ocrx_word' id='word_1_31' title='bbox 269 784 452 854; x_wconf 87' lang='lat' dir='ltr'><strong>Gracchus</strong></span> <span class='ocrx_word' id='word_1_32' title='bbox 466 787 583 881; x_wconf 91' lang='lat' dir='ltr'><strong>prius,</strong></span> <span class='ocrx_word' id='word_1_33' title='bbox 597 809 706 880; x_wconf 90' lang='lat' dir='ltr'><strong>quam</strong></span> <span class='ocrx_word' id='word_1_34' title='bbox 717 807 754 852; x_wconf 89' lang='lat' dir='ltr'><strong>se</strong></span> <span class='ocrx_word' id='word_1_35' title='bbox 768 783 891 853; x_wconf 90' lang='lat' dir='ltr'><strong>hostes</strong></span> <span class='ocrx_word' id='word_1_36' title='bbox 906 781 950 851; x_wconf 88' lang='lat' dir='ltr'><strong>ab</strong></span> <span class='ocrx_word' id='word_1_37' title='bbox 962 782 1157 877; x_wconf 86' lang='lat' dir='ltr'><strong>repentino</strong></span> <span class='ocrx_word' id='word_1_38' title='bbox 1168 806 1232 878; x_wconf 87' lang='lat' dir='ltr'><strong>pa·.</strong></span> 
     </span>
     <span class='ocr_line' id='line_1_6' title="bbox 159 891 1223 992; baseline 0.001 -32"><span class='ocrx_word' id='word_1_39' title='bbox 159 917 247 964; x_wconf 88' lang='lat' dir='ltr'><strong>vore</strong></span> <span class='ocrx_word' id='word_1_40' title='bbox 261 895 491 990; x_wconf 83' lang='lat' dir='ltr'><strong>colligerent,</strong></span> <span class='ocrx_word' id='word_1_41' title='bbox 505 894 665 992; x_wconf 87' lang='lat' dir='ltr'><strong>receptui</strong></span> <span class='ocrx_word' id='word_1_42' title='bbox 682 895 824 989; x_wconf 89' lang='lat' dir='ltr'><strong>signum</strong></span> <span class='ocrx_word' id='word_1_43' title='bbox 840 891 960 979; x_wconf 90' lang='lat' dir='ltr'><strong>dedit,</strong></span> <span class='ocrx_word' id='word_1_44' title='bbox 975 916 1015 961; x_wconf 90' lang='lat' dir='ltr'><strong>ac</strong></span> <span class='ocrx_word' id='word_1_45' title='bbox 1030 916 1113 961; x_wconf 91' lang='lat' dir='ltr'><strong>suos</strong></span> <span class='ocrx_word' id='word_1_46' title='bbox 1129 893 1223 961; x_wconf 90' lang='lat' dir='ltr'><strong>iutra</strong></span> 
     </span>
     <span class='ocr_line' id='line_1_7' title="bbox 159 996 1311 1100; baseline 0 -29"><span class='ocrx_word' id='word_1_47' title='bbox 159 1021 284 1073; x_wconf 88' lang='lat' dir='ltr'><strong>muros</strong></span> <span class='ocrx_word' id='word_1_48' title='bbox 300 1005 446 1100; x_wconf 89' lang='lat' dir='ltr'><strong>recepit.</strong></span> <span class='ocrx_word' id='word_1_49' title='bbox 462 1008 608 1074; x_wconf 91' lang='lat' dir='ltr'><strong>Postero</strong></span> <span class='ocrx_word' id='word_1_50' title='bbox 631 1003 688 1073; x_wconf 90' lang='lat' dir='ltr'><strong>die</strong></span> <span class='ocrx_word' id='word_1_51' title='bbox 703 1001 900 1088; x_wconf 86' lang='lat' dir='ltr'><strong>Hannibal,</strong></span> <span class='ocrx_word' id='word_1_52' title='bbox 921 1001 1043 1070; x_wconf 86' lang='lat' dir='ltr'><strong>laetum</strong></span> <span class='ocrx_word' id='word_1_53' title='bbox 1063 1001 1224 1072; x_wconf 90' lang='lat' dir='ltr'><strong>secunda</strong></span> <span class='ocrx_word' id='word_1_54' title='bbox 1310 996 1311 1001; x_wconf 56' lang='grc'>’</span> 
     </span>
     <span class='ocr_line' id='line_1_8' title="bbox 159 1102 1223 1211; baseline -0.002 -30"><span class='ocrx_word' id='word_1_55' title='bbox 159 1137 199 1182; x_wconf 90' lang='lat' dir='ltr'><strong>re</strong></span> <span class='ocrx_word' id='word_1_56' title='bbox 217 1102 403 1183; x_wconf 80' lang='lat' dir='ltr'><strong>consulem</strong></span> <span class='ocrx_word' id='word_1_57' title='bbox 418 1114 517 1207; x_wconf 89' lang='lat' dir='ltr'><strong>justo</strong></span> <span class='ocrx_word' id='word_1_58' title='bbox 531 1113 655 1211; x_wconf 88' lang='lat' dir='ltr'><strong>praelio</strong></span> <span class='ocrx_word' id='word_1_59' title='bbox 669 1126 767 1181; x_wconf 87' lang='lat' dir='ltr'><strong>ratus</strong></span> <span class='ocrx_word' id='word_1_60' title='bbox 785 1123 1026 1198; x_wconf 87' lang='lat' dir='ltr'><strong>certaturum,</strong></span> <span class='ocrx_word' id='word_1_61' title='bbox 1041 1111 1151 1180; x_wconf 86' lang='lat' dir='ltr'><strong>aciem</strong></span> <span class='ocrx_word' id='word_1_62' title='bbox 1168 1111 1223 1179; x_wconf 90' lang='lat' dir='ltr'><strong>iu·</strong></span> 
     </span>
     <span class='ocr_line' id='line_1_9' title="bbox 158 1221 1224 1317; baseline -0.002 -27"><span class='ocrx_word' id='word_1_63' title='bbox 158 1234 216 1290; x_wconf 89' lang='lat' dir='ltr'><strong>ter</strong></span> <span class='ocrx_word' id='word_1_64' title='bbox 234 1234 347 1291; x_wconf 90' lang='lat' dir='ltr'><strong>castra</strong></span> <span class='ocrx_word' id='word_1_65' title='bbox 362 1235 471 1317; x_wconf 89' lang='lat' dir='ltr'><strong>atque</strong></span> <span class='ocrx_word' id='word_1_66' title='bbox 485 1221 615 1293; x_wconf 79' lang='lat' dir='ltr'><strong>iubem</strong></span> <span class='ocrx_word' id='word_1_67' title='bbox 633 1221 812 1290; x_wconf 89' lang='lat' dir='ltr'><strong>instruxit.</strong></span> <span class='ocrx_word' id='word_1_68' title='bbox 833 1224 1010 1292; x_wconf 87' lang='lat' dir='ltr'><strong>Caeterum</strong></span> <span class='ocrx_word' id='word_1_69' title='bbox 1029 1233 1224 1317; x_wconf 90' lang='lat' dir='ltr'><strong>postquam</strong></span> 
     </span>
     <span class='ocr_line' id='line_1_10' title="bbox 160 1329 1225 1413; baseline 0.002 -16"><span class='ocrx_word' id='word_1_70' title='bbox 160 1330 345 1399; x_wconf 89' lang='lat' dir='ltr'><strong>neminem</strong></span> <span class='ocrx_word' id='word_1_71' title='bbox 366 1331 504 1401; x_wconf 82' lang='lat' dir='ltr'><strong>moveri</strong></span> <span class='ocrx_word' id='word_1_72' title='bbox 524 1330 569 1400; x_wconf 89' lang='lat' dir='ltr'><strong>ab</strong></span> <span class='ocrx_word' id='word_1_73' title='bbox 594 1329 698 1401; x_wconf 88' lang='lat' dir='ltr'><strong>solita</strong></span> <span class='ocrx_word' id='word_1_74' title='bbox 721 1329 882 1399; x_wconf 90' lang='lat' dir='ltr'><strong>custodia</strong></span> <span class='ocrx_word' id='word_1_75' title='bbox 903 1329 1002 1399; x_wconf 94' lang='lat' dir='ltr'><strong>urbis</strong></span> <span class='ocrx_word' id='word_1_76' title='bbox 1024 1329 1133 1413; x_wconf 89' lang='lat' dir='ltr'><strong>vidit,</strong></span> <span class='ocrx_word' id='word_1_77' title='bbox 1157 1353 1225 1412; x_wconf 88' lang='lat' dir='ltr'><strong>nec</strong></span> 
     </span>
     <span class='ocr_line' id='line_1_11' title="bbox 162 1437 1226 1536; baseline 0.006 -32"><span class='ocrx_word' id='word_1_78' title='bbox 162 1438 340 1536; x_wconf 89' lang='lat' dir='ltr'><strong>committi</strong></span> <span class='ocrx_word' id='word_1_79' title='bbox 354 1438 552 1534; x_wconf 89' lang='lat' dir='ltr'><strong>quidquam</strong></span> <span class='ocrx_word' id='word_1_80' title='bbox 569 1440 765 1509; x_wconf 74' lang='lat' dir='ltr'><strong>temeraria</strong></span> <span class='ocrx_word' id='word_1_81' title='bbox 779 1441 873 1536; x_wconf 91' lang='lat' dir='ltr'><strong>spei,</strong></span> <span class='ocrx_word' id='word_1_82' title='bbox 889 1439 934 1509; x_wconf 89' lang='lat' dir='ltr'><strong>ad</strong></span> <span class='ocrx_word' id='word_1_83' title='bbox 946 1437 1058 1508; x_wconf 86' lang='lat' dir='ltr'><strong>Tifata</strong></span> <span class='ocrx_word' id='word_1_84' title='bbox 1070 1439 1163 1509; x_wconf 87' lang='lat' dir='ltr'><strong>redit</strong></span> <span class='ocrx_word' id='word_1_85' title='bbox 1177 1440 1226 1510; x_wconf 86' lang='lat' dir='ltr'><strong>in-</strong></span> 
     </span>
     <span class='ocr_line' id='line_1_12' title="bbox 161 1541 1224 1637; baseline 0.005 -24"><span class='ocrx_word' id='word_1_86' title='bbox 161 1541 253 1614; x_wconf 86' lang='lat' dir='ltr'><strong>fecta</strong></span> <span class='ocrx_word' id='word_1_87' title='bbox 266 1570 316 1616; x_wconf 87' lang='lat' dir='ltr'><strong>re.</strong></span> <span class='ocrx_word' id='word_1_88' title='bbox 328 1545 469 1637; x_wconf 87' lang='lat' dir='ltr'><strong>Quibus</strong></span> <span class='ocrx_word' id='word_1_89' title='bbox 483 1547 611 1618; x_wconf 90' lang='lat' dir='ltr'><strong>diebus</strong></span> <span class='ocrx_word' id='word_1_90' title='bbox 620 1553 742 1619; x_wconf 76' lang='lat' dir='ltr'><strong>Cumae</strong></span> <span class='ocrx_word' id='word_1_91' title='bbox 755 1549 912 1622; x_wconf 86' lang='lat' dir='ltr'><strong>liberatae</strong></span> <span class='ocrx_word' id='word_1_92' title='bbox 923 1564 1008 1619; x_wconf 89' lang='lat' dir='ltr'><strong>suut</strong></span> <span class='ocrx_word' id='word_1_93' title='bbox 1021 1548 1224 1637; x_wconf 87' lang='lat' dir='ltr'><strong>obsidione,</strong></span> 
     </span>
     <span class='ocr_line' id='line_1_13' title="bbox 161 1653 1228 1728; baseline 0.005 -7"><span class='ocrx_word' id='word_1_94' title='bbox 161 1653 287 1723; x_wconf 91' lang='lat' dir='ltr'><strong>iisdem</strong></span> <span class='ocrx_word' id='word_1_95' title='bbox 306 1653 459 1727; x_wconf 76' lang='lat' dir='ltr'><strong>diebus³</strong></span> <span class='ocrx_word' id='word_1_96' title='bbox 476 1658 561 1727; x_wconf 90' lang='lat' dir='ltr'><strong>etin</strong></span> <span class='ocrx_word' id='word_1_97' title='bbox 577 1659 731 1728; x_wconf 88' lang='lat' dir='ltr'><strong>Lucanis</strong></span> <span class='ocrx_word' id='word_1_98' title='bbox 746 1658 792 1728; x_wconf 89' lang='lat' dir='ltr'><strong>ad</strong></span> <span class='ocrx_word' id='word_1_99' title='bbox 807 1662 1049 1728; x_wconf 87' lang='lat' dir='ltr'><strong>Grumentum</strong></span> <span class='ocrx_word' id='word_1_100' title='bbox 1062 1659 1113 1726; x_wconf 85' lang='lat' dir='ltr'><strong>Ti.</strong></span> <span class='ocrx_word' id='word_1_101' title='bbox 1132 1662 1228 1727; x_wconf 89' lang='lat' dir='ltr'><strong>Sem-</strong></span> 
     </span>
     <span class='ocr_line' id='line_1_14' title="bbox 162 1760 1225 1864; baseline 0.005 -31"><span class='ocrx_word' id='word_1_102' title='bbox 162 1766 337 1860; x_wconf 91' lang='lat' dir='ltr'><strong>pronius,</strong></span> <span class='ocrx_word' id='word_1_103' title='bbox 362 1768 421 1836; x_wconf 93' lang='lat' dir='ltr'><strong>cui</strong></span> <span class='ocrx_word' id='word_1_104' title='bbox 442 1772 566 1864; x_wconf 91' lang='lat' dir='ltr'><strong>Longo</strong></span> <span class='ocrx_word' id='word_1_105' title='bbox 590 1792 794 1864; x_wconf 86' lang='lat' dir='ltr'><strong>cognomen</strong></span> <span class='ocrx_word' id='word_1_106' title='bbox 819 1760 916 1853; x_wconf 86' lang='lat' dir='ltr'><strong>erat,</strong></span> <span class='ocrx_word' id='word_1_107' title='bbox 941 1793 1025 1839; x_wconf 91' lang='lat' dir='ltr'><strong>cum</strong></span> <span class='ocrx_word' id='word_1_108' title='bbox 1047 1775 1225 1851; x_wconf 89' lang='lat' dir='ltr'><strong>Hannone</strong></span> 
     </span>
     <span class='ocr_line' id='line_1_15' title="bbox 161 1877 1225 1977; baseline 0.004 -33"><span class='ocrx_word' id='word_1_109' title='bbox 161 1879 274 1944; x_wconf 92' lang='lat' dir='ltr'><strong>Poeno</strong></span> <span class='ocrx_word' id='word_1_110' title='bbox 286 1900 459 1973; x_wconf 88' lang='lat' dir='ltr'><strong>prospere</strong></span> <span class='ocrx_word' id='word_1_111' title='bbox 478 1892 624 1974; x_wconf 83' lang='lat' dir='ltr'><strong>pugnat.</strong></span> <span class='ocrx_word' id='word_1_112' title='bbox 641 1884 758 1977; x_wconf 89' lang='lat' dir='ltr'><strong>Supra</strong></span> <span class='ocrx_word' id='word_1_113' title='bbox 773 1879 847 1949; x_wconf 89' lang='lat' dir='ltr'><strong>duo</strong></span> <span class='ocrx_word' id='word_1_114' title='bbox 864 1878 975 1948; x_wconf 86' lang='lat' dir='ltr'><strong>millia</strong></span> <span class='ocrx_word' id='word_1_115' title='bbox 991 1877 1149 1948; x_wconf 92' lang='lat' dir='ltr'><strong>hostium</strong></span> <span class='ocrx_word' id='word_1_116' title='bbox 1165 1901 1225 1974; x_wconf 77' lang='lat' dir='ltr'><strong>oc·</strong></span> 
     </span>
     <span class='ocr_line' id='line_1_16' title="bbox 162 1983 1225 2084; baseline 0.002 -31"><span class='ocrx_word' id='word_1_117' title='bbox 162 1983 265 2074; x_wconf 89' lang='lat' dir='ltr'><strong>cidit,</strong></span> <span class='ocrx_word' id='word_1_118' title='bbox 281 1999 317 2056; x_wconf 90' lang='lat' dir='ltr'><strong>et</strong></span> <span class='ocrx_word' id='word_1_119' title='bbox 333 1984 508 2056; x_wconf 89' lang='lat' dir='ltr'><strong>ducentos</strong></span> <span class='ocrx_word' id='word_1_120' title='bbox 525 1989 709 2084; x_wconf 88' lang='lat' dir='ltr'><strong>octoginta</strong></span> <span class='ocrx_word' id='word_1_121' title='bbox 724 1987 854 2059; x_wconf 90' lang='lat' dir='ltr'><strong>milites</strong></span> <span class='ocrx_word' id='word_1_122' title='bbox 866 1988 1002 2074; x_wconf 85' lang='lat' dir='ltr'><strong>amisit3</strong></span> <span class='ocrx_word' id='word_1_123' title='bbox 1021 1988 1121 2084; x_wconf 89' lang='lat' dir='ltr'><strong>signa</strong></span> <span class='ocrx_word' id='word_1_124' title='bbox 1132 1986 1225 2056; x_wconf 93' lang='lat' dir='ltr'><strong>mili-</strong></span> 
     </span>
     <span class='ocr_line' id='line_1_17' title="bbox 161 2081 1227 2197; baseline 0.004 -35"><span class='ocrx_word' id='word_1_125' title='bbox 161 2095 249 2163; x_wconf 91' lang='lat' dir='ltr'><strong>taria</strong></span> <span class='ocrx_word' id='word_1_126' title='bbox 265 2081 309 2165; x_wconf 87' lang='lat' dir='ltr'><strong>ad</strong></span> <span class='ocrx_word' id='word_1_127' title='bbox 324 2096 560 2195; x_wconf 86' lang='lat' dir='ltr'><strong>quadraginta</strong></span> <span class='ocrx_word' id='word_1_128' title='bbox 574 2123 689 2168; x_wconf 92' lang='lat' dir='ltr'><strong>unum</strong></span> <span class='ocrx_word' id='word_1_129' title='bbox 704 2103 818 2197; x_wconf 89' lang='lat' dir='ltr'><strong>cepit:</strong></span> <span class='ocrx_word' id='word_1_130' title='bbox 831 2099 956 2195; x_wconf 88' lang='lat' dir='ltr'><strong>pulsus</strong></span> <span class='ocrx_word' id='word_1_131' title='bbox 979 2096 1112 2169; x_wconf 90' lang='lat' dir='ltr'><strong>finibus</strong></span> <span class='ocrx_word' id='word_1_132' title='bbox 1133 2097 1227 2166; x_wconf 77' lang='lat' dir='ltr'><strong>luca</strong></span> 
     </span>
     <span class='ocr_line' id='line_1_18' title="bbox 148 2204 1226 2306; baseline 0.004 -34"><span class='ocrx_word' id='word_1_133' title='bbox 148 2204 218 2274; x_wconf 33' lang='lat' dir='ltr'><strong>*nis</strong></span> <span class='ocrx_word' id='word_1_134' title='bbox 231 2209 360 2275; x_wconf 90' lang='lat' dir='ltr'><strong>Hanno</strong></span> <span class='ocrx_word' id='word_1_135' title='bbox 374 2221 473 2278; x_wconf 89' lang='lat' dir='ltr'><strong>retro</strong></span> <span class='ocrx_word' id='word_1_136' title='bbox 485 2209 523 2278; x_wconf 92' lang='lat' dir='ltr'><strong>in</strong></span> <span class='ocrx_word' id='word_1_137' title='bbox 534 2211 693 2280; x_wconf 92' lang='lat' dir='ltr'><strong>Bruttios</strong></span> <span class='ocrx_word' id='word_1_138' title='bbox 708 2234 784 2280; x_wconf 88' lang='lat' dir='ltr'><strong>sese</strong></span> <span class='ocrx_word' id='word_1_139' title='bbox 795 2211 944 2306; x_wconf 88' lang='lat' dir='ltr'><strong>recepit.</strong></span> <span class='ocrx_word' id='word_1_140' title='bbox 955 2212 999 2277; x_wconf 90' lang='lat' dir='ltr'><strong>Et</strong></span> <span class='ocrx_word' id='word_1_141' title='bbox 1015 2233 1058 2278; x_wconf 82' lang='lat' dir='ltr'><strong>ex</strong></span> <span class='ocrx_word' id='word_1_142' title='bbox 1068 2209 1226 2304; x_wconf 88' lang='lat' dir='ltr'><strong>Hirpinis</strong></span> 
     </span>
     <span class='ocr_line' id='line_1_19' title="bbox 163 2315 1226 2416; baseline 0.004 -34"><span class='ocrx_word' id='word_1_143' title='bbox 163 2315 298 2411; x_wconf 89' lang='lat' dir='ltr'><strong>oppida</strong></span> <span class='ocrx_word' id='word_1_144' title='bbox 315 2318 398 2405; x_wconf 87' lang='lat' dir='ltr'><strong>tria,</strong></span> <span class='ocrx_word' id='word_1_145' title='bbox 416 2343 496 2414; x_wconf 85' lang='lat' dir='ltr'><strong>quae</strong></span> <span class='ocrx_word' id='word_1_146' title='bbox 510 2344 531 2389; x_wconf 89' lang='lat' dir='ltr'><strong>a</strong></span> <span class='ocrx_word' id='word_1_147' title='bbox 544 2320 682 2416; x_wconf 92' lang='lat' dir='ltr'><strong>populo</strong></span> <span class='ocrx_word' id='word_1_148' title='bbox 701 2345 853 2390; x_wconf 90' lang='lat' dir='ltr'><strong>romano</strong></span> <span class='ocrx_word' id='word_1_149' title='bbox 873 2317 1100 2404; x_wconf 88' lang='lat' dir='ltr'><strong>defecerant,</strong></span> <span class='ocrx_word' id='word_1_150' title='bbox 1117 2318 1153 2385; x_wconf 86' lang='lat' dir='ltr'><strong>vi</strong></span> <span class='ocrx_word' id='word_1_151' title='bbox 1171 2342 1226 2386; x_wconf 91' lang='lat' dir='ltr'><strong>re-</strong></span> 
     </span>
     <span class='ocr_line' id='line_1_20' title="bbox 163 2426 1227 2533; baseline 0.003 -41"><span class='ocrx_word' id='word_1_152' title='bbox 163 2439 266 2521; x_wconf 88' lang='lat' dir='ltr'><strong>cepta</strong></span> <span class='ocrx_word' id='word_1_153' title='bbox 281 2451 346 2523; x_wconf 91' lang='lat' dir='ltr'><strong>per</strong></span> <span class='ocrx_word' id='word_1_154' title='bbox 359 2432 406 2496; x_wconf 88' lang='grc' dir='ltr'><strong>Μ.</strong></span> <span class='ocrx_word' id='word_1_155' title='bbox 419 2430 602 2500; x_wconf 87' lang='lat' dir='ltr'><strong>Valerium</strong></span> <span class='ocrx_word' id='word_1_156' title='bbox 615 2445 824 2528; x_wconf 73' lang='lat' dir='ltr'><strong>praetorem,</strong></span> <span class='ocrx_word' id='word_1_157' title='bbox 839 2429 1074 2512; x_wconf 88' lang='lat' dir='ltr'><strong>Vercellium,</strong></span> <span class='ocrx_word' id='word_1_158' title='bbox 1086 2426 1227 2533; x_wconf 75' lang='lat' dir='ltr'><strong>Vescel-</strong></span> 
     </span>
     <span class='ocr_line' id='line_1_21' title="bbox 163 2530 1228 2623; baseline 0.003 -23"><span class='ocrx_word' id='word_1_159' title='bbox 163 2530 274 2623; x_wconf 92' lang='lat' dir='ltr'><strong>lium,</strong></span> <span class='ocrx_word' id='word_1_160' title='bbox 299 2551 334 2605; x_wconf 91' lang='lat' dir='ltr'><strong>et</strong></span> <span class='ocrx_word' id='word_1_161' title='bbox 359 2538 599 2609; x_wconf 74' lang='lat' dir='ltr'><strong>Sicilinum4:</strong></span> <span class='ocrx_word' id='word_1_162' title='bbox 624 2555 660 2610; x_wconf 95' lang='lat' dir='ltr'><strong>et</strong></span> <span class='ocrx_word' id='word_1_163' title='bbox 685 2555 849 2611; x_wconf 86' lang='lat' dir='ltr'><strong>auctores</strong></span> <span class='ocrx_word' id='word_1_164' title='bbox 875 2537 1086 2610; x_wconf 87' lang='lat' dir='ltr'><strong>defectionis</strong></span> <span class='ocrx_word' id='word_1_165' title='bbox 1111 2536 1228 2610; x_wconf 87' lang='lat' dir='ltr'><strong>securi</strong></span> 
     </span>
    </p>
   </div>
   <div class='ocr_carea' id='block_1_2' title="bbox 199 2726 1229 2798">
    <p class='ocr_par' dir='ltr' id='par_1_2' title="bbox 199 2726 1229 2798">
     <span class='ocr_line' id='line_1_22' title="bbox 199 2726 1229 2798; baseline 0.009 -28"><span class='ocrx_word' id='word_1_166' title='bbox 199 2726 223 2770; x_wconf 81' lang='lat'><strong>3.</strong></span> <span class='ocrx_word' id='word_1_167' title='bbox 239 2727 329 2787; x_wconf 82' lang='lat' dir='ltr'><strong>Quibus</strong></span> <span class='ocrx_word' id='word_1_168' title='bbox 341 2728 424 2776; x_wconf 86' lang='lat' dir='ltr'><strong>diebus</strong></span> <span class='ocrx_word' id='word_1_169' title='bbox 437 2730 518 2778; x_wconf 81' lang='lat' dir='ltr'><strong>Cumae</strong></span> <span class='ocrx_word' id='word_1_170' title='bbox 523 2765 583 2780; x_wconf 89' lang='grc'><strong>.....</strong></span> <span class='ocrx_word' id='word_1_171' title='bbox 589 2731 673 2780; x_wconf 86' lang='lat' dir='ltr'><strong>iisdem</strong></span> <span class='ocrx_word' id='word_1_172' title='bbox 716 2733 843 2792; x_wconf 83' lang='lat' dir='ltr'><strong>homines,</strong></span> <span class='ocrx_word' id='word_1_173' title='bbox 855 2746 880 2783; x_wconf 91' lang='lat' dir='ltr'><strong>et</strong></span> <span class='ocrx_word' id='word_1_174' title='bbox 892 2735 994 2798; x_wconf 88' lang='lat' dir='ltr'><strong>quidem</strong></span> <span class='ocrx_word' id='word_1_175' title='bbox 1006 2736 1068 2783; x_wconf 85' lang='lat' dir='ltr'><strong>duos</strong></span> <span class='ocrx_word' id='word_1_176' title='bbox 1079 2743 1186 2789; x_wconf 87' lang='lat' dir='ltr'><strong>tantum,</strong></span> <span class='ocrx_word' id='word_1_177' title='bbox 1195 2731 1229 2779; x_wconf 82' lang='lat' dir='ltr'><strong>fe-</strong></span> 
     </span>
    </p>
   </div>
   <div class='ocr_carea' id='block_1_3' title="bbox 164 2803 1339 2874">
    <p class='ocr_par' dir='ltr' id='par_1_3' title="bbox 164 2803 1339 2874">
     <span class='ocr_line' id='line_1_23' title="bbox 164 2803 1339 2874; baseline 0.005 -24"><span class='ocrx_word' id='word_1_178' title='bbox 164 2803 260 2860; x_wconf 76' lang='lat' dir='ltr'><strong>diebus,</strong></span> <span class='ocrx_word' id='word_1_179' title='bbox 274 2816 320 2855; x_wconf 87' lang='lat' dir='ltr'><strong>etc.</strong></span> <span class='ocrx_word' id='word_1_180' title='bbox 331 2808 422 2855; x_wconf 86' lang='lat' dir='ltr'><strong>Confer</strong></span> <span class='ocrx_word' id='word_1_181' title='bbox 432 2810 463 2857; x_wconf 85' lang='lat' dir='ltr'><strong>ad</strong></span> <span class='ocrx_word' id='word_1_182' title='bbox 475 2813 502 2867; x_wconf 90' lang='lat' dir='ltr'><strong>I,</strong></span> <span class='ocrx_word' id='word_1_183' title='bbox 515 2811 543 2868; x_wconf 82' lang='grc'><strong>3,</strong></span> <span class='ocrx_word' id='word_1_184' title='bbox 556 2827 582 2858; x_wconf 84' lang='grc' dir='ltr'><strong>ιι.</strong></span> <span class='ocrx_word' id='word_1_185' title='bbox 590 2812 614 2857; x_wconf 85' lang='grc'><strong>8.</strong></span> <span class='ocrx_word' id='word_1_186' title='bbox 625 2811 673 2858; x_wconf 85' lang='lat' dir='ltr'><strong>Sed</strong></span> <span class='ocrx_word' id='word_1_187' title='bbox 717 2825 810 2861; x_wconf 82' lang='lat' dir='ltr'><strong>cerunt.</strong></span> <span class='ocrx_word' id='word_1_188' title='bbox 823 2809 964 2860; x_wconf 74' lang='lat' dir='ltr'><strong>Vercellium</strong></span> <span class='ocrx_word' id='word_1_189' title='bbox 972 2813 1140 2874; x_wconf 82' lang='lat' dir='ltr'><strong>Siciliamque,</strong></span> <span class='ocrx_word' id='word_1_190' title='bbox 1152 2821 1235 2857; x_wconf 60' lang='lat' dir='ltr'><strong>etan«</strong></span> <span class='ocrx_word' id='word_1_191' title='bbox 1336 2808 1339 2813; x_wconf 74' lang='grc'><strong><em>’</em></strong></span> 
     </span>
    </p>
   </div>
   <div class='ocr_carea' id='block_1_4' title="bbox 123 2883 1233 4051">
    <p class='ocr_par' dir='ltr' id='par_1_4' title="bbox 123 2883 1232 3813">
     <span class='ocr_line' id='line_1_24' title="bbox 162 2883 1228 2956; baseline 0.007 -28"><span class='ocrx_word' id='word_1_192' title='bbox 162 2883 264 2930; x_wconf 76' lang='lat' dir='ltr'><strong>alterum</strong></span> <span class='ocrx_word' id='word_1_193' title='bbox 276 2885 358 2932; x_wconf 85' lang='lat' dir='ltr'><strong>diebus</strong></span> <span class='ocrx_word' id='word_1_194' title='bbox 368 2887 497 2935; x_wconf 88' lang='lat' dir='ltr'><strong>delendum</strong></span> <span class='ocrx_word' id='word_1_195' title='bbox 505 2886 590 2952; x_wconf 74' lang='lat' dir='ltr'><strong>potius</strong></span> <span class='ocrx_word' id='word_1_196' title='bbox 598 2889 673 2936; x_wconf 88' lang='lat' dir='ltr'><strong>credi-</strong></span> <span class='ocrx_word' id='word_1_197' title='bbox 716 2902 793 2937; x_wconf 77' lang='lat' dir='ltr'><strong>atores</strong></span> <span class='ocrx_word' id='word_1_198' title='bbox 806 2891 946 2956; x_wconf 69' lang='lat' dir='ltr'><strong>defietionis</strong></span> <span class='ocrx_word' id='word_1_199' title='bbox 958 2891 1037 2938; x_wconf 87' lang='lat' dir='ltr'><strong>securi</strong></span> <span class='ocrx_word' id='word_1_200' title='bbox 1041 2889 1161 2953; x_wconf 83' lang='lat' dir='ltr'><strong>percussit</strong></span> <span class='ocrx_word' id='word_1_201' title='bbox 1171 2888 1228 2938; x_wconf 87' lang='lat' dir='ltr'><strong>edd.</strong></span> 
     </span>
     <span class='ocr_line' id='line_1_25' title="bbox 164 2960 1230 3032; baseline 0.003 -24"><span class='ocrx_word' id='word_1_202' title='bbox 164 2960 291 3008; x_wconf 90' lang='lat' dir='ltr'><strong>derim.——</strong></span> <span class='ocrx_word' id='word_1_203' title='bbox 302 2964 361 3011; x_wconf 86' lang='lat' dir='ltr'><strong>Cum</strong></span> <span class='ocrx_word' id='word_1_204' title='bbox 373 2968 494 3012; x_wconf 84' lang='lat' dir='ltr'><strong>Hannone</strong></span> <span class='ocrx_word' id='word_1_205' title='bbox 505 2971 595 3022; x_wconf 81' lang='lat' dir='ltr'><strong>Poeno;</strong></span> <span class='ocrx_word' id='word_1_206' title='bbox 606 2967 672 3019; x_wconf 75' lang='lat' dir='ltr'><strong>conf.</strong></span> <span class='ocrx_word' id='word_1_207' title='bbox 716 2969 788 3032; x_wconf 88' lang='lat' dir='ltr'><strong>prim.</strong></span> <span class='ocrx_word' id='word_1_208' title='bbox 797 2981 937 3032; x_wconf 56' lang='lat' dir='ltr'><strong>praetorem,</strong></span> <span class='ocrx_word' id='word_1_209' title='bbox 948 2968 1076 3018; x_wconf 79' lang='lat' dir='ltr'><strong>Vercellius</strong></span> <span class='ocrx_word' id='word_1_210' title='bbox 1088 2967 1230 3029; x_wconf 77' lang='lat' dir='ltr'><strong>Siciliaeque</strong></span> 
     </span>
     <span class='ocr_line' id='line_1_26' title="bbox 164 3042 1232 3110; baseline 0.004 -25"><span class='ocrx_word' id='word_1_211' title='bbox 164 3057 217 3104; x_wconf 87' lang='lat' dir='ltr'><strong>cap.</strong></span> <span class='ocrx_word' id='word_1_212' title='bbox 229 3043 269 3096; x_wconf 73' lang='grc'><strong>43.</strong></span> <span class='ocrx_word' id='word_1_213' title='bbox 287 3042 322 3089; x_wconf 85' lang='grc' dir='ltr'><strong>Τι’.</strong></span> <span class='ocrx_word' id='word_1_214' title='bbox 333 3043 485 3106; x_wconf 81' lang='lat' dir='ltr'><strong>Sempronius</strong></span> <span class='ocrx_word' id='word_1_215' title='bbox 498 3047 596 3108; x_wconf 82' lang='lat' dir='ltr'><strong>Longus</strong></span> <span class='ocrx_word' id='word_1_216' title='bbox 607 3043 673 3091; x_wconf 84' lang='lat' dir='ltr'><strong>haud</strong></span> <span class='ocrx_word' id='word_1_217' title='bbox 717 3057 829 3093; x_wconf 66' lang='lat' dir='ltr'><strong>arcatores</strong></span> <span class='ocrx_word' id='word_1_218' title='bbox 855 3045 996 3110; x_wconf 71' lang='lat' dir='ltr'><strong>defictiom&#39;s</strong></span> <span class='ocrx_word' id='word_1_219' title='bbox 1020 3045 1099 3092; x_wconf 87' lang='lat' dir='ltr'><strong>securi</strong></span> <span class='ocrx_word' id='word_1_220' title='bbox 1122 3043 1232 3107; x_wconf 84' lang='lat' dir='ltr'><strong>percussi</strong></span> 
     </span>
     <span class='ocr_line' id='line_1_27' title="bbox 123 3120 1230 3189; baseline 0.004 -23"><span class='ocrx_word' id='word_1_221' title='bbox 123 3177 125 3181; x_wconf 28' lang='grc' dir='ltr'>Ι</span> <span class='ocrx_word' id='word_1_222' title='bbox 164 3120 238 3167; x_wconf 87' lang='lat' dir='ltr'><strong>dubie</strong></span> <span class='ocrx_word' id='word_1_223' title='bbox 246 3123 380 3184; x_wconf 83' lang='lat' dir='ltr'><strong>proconsul</strong></span> <span class='ocrx_word' id='word_1_224' title='bbox 388 3123 415 3169; x_wconf 85' lang='lat' dir='ltr'><strong>ln</strong></span> <span class='ocrx_word' id='word_1_225' title='bbox 423 3123 471 3170; x_wconf 86' lang='lat' dir='ltr'><strong>hoc</strong></span> <span class='ocrx_word' id='word_1_226' title='bbox 480 3139 546 3170; x_wconf 88' lang='lat' dir='ltr'><strong>auno</strong></span> <span class='ocrx_word' id='word_1_227' title='bbox 555 3122 610 3170; x_wconf 74' lang='lat' dir='ltr'><strong>fiiit.</strong></span> <span class='ocrx_word' id='word_1_228' title='bbox 620 3122 673 3170; x_wconf 88' lang='lat' dir='ltr'><strong>Nec</strong></span> <span class='ocrx_word' id='word_1_229' title='bbox 718 3123 774 3172; x_wconf 87' lang='lat' dir='ltr'><strong>edd.</strong></span> <span class='ocrx_word' id='word_1_230' title='bbox 787 3141 801 3171; x_wconf 87' lang='lat' dir='ltr'><strong>a</strong></span> <span class='ocrx_word' id='word_1_231' title='bbox 813 3127 928 3189; x_wconf 82' lang='lat' dir='ltr'><strong>Moguut.</strong></span> <span class='ocrx_word' id='word_1_232' title='bbox 939 3139 1031 3170; x_wconf 88' lang='lat' dir='ltr'><strong>omnes.</strong></span> <span class='ocrx_word' id='word_1_233' title='bbox 1044 3125 1165 3171; x_wconf 82' lang='lat' dir='ltr'><strong>Caeterum</strong></span> <span class='ocrx_word' id='word_1_234' title='bbox 1176 3122 1230 3186; x_wconf 82' lang='lat' dir='ltr'><strong>ipsa</strong></span> 
     </span>
     <span class='ocr_line' id='line_1_28' title="bbox 164 3200 1232 3266; baseline 0.004 -21"><span class='ocrx_word' id='word_1_235' title='bbox 164 3210 244 3246; x_wconf 85' lang='lat' dir='ltr'><strong>tamen</strong></span> <span class='ocrx_word' id='word_1_236' title='bbox 261 3200 343 3246; x_wconf 82' lang='lat' dir='ltr'><strong>Livius</strong></span> <span class='ocrx_word' id='word_1_237' title='bbox 365 3201 392 3247; x_wconf 91' lang='lat' dir='ltr'><strong>in</strong></span> <span class='ocrx_word' id='word_1_238' title='bbox 414 3201 580 3264; x_wconf 83' lang='lat' dir='ltr'><strong>superioribus</strong></span> <span class='ocrx_word' id='word_1_239' title='bbox 600 3201 674 3248; x_wconf 81' lang='lat' dir='ltr'><strong>ullam</strong></span> <span class='ocrx_word' id='word_1_240' title='bbox 719 3203 812 3266; x_wconf 90' lang='lat' dir='ltr'><strong>oppida</strong></span> <span class='ocrx_word' id='word_1_241' title='bbox 833 3202 908 3250; x_wconf 90' lang='lat' dir='ltr'><strong>hodie</strong></span> <span class='ocrx_word' id='word_1_242' title='bbox 928 3203 1068 3266; x_wconf 82' lang='lat' dir='ltr'><strong>incognita,</strong></span> <span class='ocrx_word' id='word_1_243' title='bbox 1089 3213 1113 3248; x_wconf 91' lang='lat' dir='ltr'><strong>et</strong></span> <span class='ocrx_word' id='word_1_244' title='bbox 1131 3202 1232 3249; x_wconf 74' lang='lat' dir='ltr'><strong>nomina</strong></span> 
     </span>
     <span class='ocr_line' id='line_1_29' title="bbox 162 3277 1230 3344; baseline 0.003 -20"><span class='ocrx_word' id='word_1_245' title='bbox 162 3277 234 3338; x_wconf 87' lang='lat' dir='ltr'><strong>hujus</strong></span> <span class='ocrx_word' id='word_1_246' title='bbox 243 3280 278 3325; x_wconf 87' lang='lat' dir='ltr'><strong>rei</strong></span> <span class='ocrx_word' id='word_1_247' title='bbox 287 3290 311 3326; x_wconf 89' lang='lat' dir='ltr'><strong>et</strong></span> <span class='ocrx_word' id='word_1_248' title='bbox 320 3279 455 3342; x_wconf 82' lang='lat' dir='ltr'><strong>provinciae</strong></span> <span class='ocrx_word' id='word_1_249' title='bbox 465 3279 516 3339; x_wconf 85' lang='lat' dir='ltr'><strong>ejus</strong></span> <span class='ocrx_word' id='word_1_250' title='bbox 525 3279 674 3326; x_wconf 86' lang='lat' dir='ltr'><strong>mentionem</strong></span> <span class='ocrx_word' id='word_1_251' title='bbox 718 3281 782 3328; x_wconf 87' lang='lat' dir='ltr'><strong>forte</strong></span> <span class='ocrx_word' id='word_1_252' title='bbox 806 3292 930 3344; x_wconf 85' lang='lat' dir='ltr'><strong>corrupta.</strong></span> <span class='ocrx_word' id='word_1_253' title='bbox 950 3282 980 3326; x_wconf 92' lang='lat' dir='ltr'><strong>In</strong></span> <span class='ocrx_word' id='word_1_254' title='bbox 999 3278 1144 3343; x_wconf 84' lang='lat' dir='ltr'><strong>quibusdam</strong></span> <span class='ocrx_word' id='word_1_255' title='bbox 1167 3281 1230 3327; x_wconf 87' lang='lat' dir='ltr'><strong>MSS</strong></span> 
     </span>
     <span class='ocr_line' id='line_1_30' title="bbox 163 3357 1231 3423; baseline -0.001 -19"><span class='ocrx_word' id='word_1_256' title='bbox 163 3357 222 3404; x_wconf 85' lang='lat' dir='ltr'><strong>facit</strong></span> <span class='ocrx_word' id='word_1_257' title='bbox 232 3373 239 3405; x_wconf 73' lang='grc' dir='ltr'><em>τ</em></span> <span class='ocrx_word' id='word_1_258' title='bbox 251 3359 319 3418; x_wconf 88' lang='lat' dir='ltr'><strong>cujus</strong></span> <span class='ocrx_word' id='word_1_259' title='bbox 334 3359 428 3421; x_wconf 84' lang='lat' dir='ltr'><strong>generis</strong></span> <span class='ocrx_word' id='word_1_260' title='bbox 446 3359 519 3410; x_wconf 86' lang='lat' dir='ltr'><strong>etiam</strong></span> <span class='ocrx_word' id='word_1_261' title='bbox 538 3369 586 3415; x_wconf 87' lang='lat' dir='ltr'><strong>est,</strong></span> <span class='ocrx_word' id='word_1_262' title='bbox 607 3358 675 3420; x_wconf 88' lang='lat' dir='ltr'><strong>quod</strong></span> <span class='ocrx_word' id='word_1_263' title='bbox 720 3359 851 3406; x_wconf 82' lang='lat' dir='ltr'><strong>Vescellum</strong></span> <span class='ocrx_word' id='word_1_264' title='bbox 865 3371 889 3406; x_wconf 88' lang='lat' dir='ltr'><strong>et</strong></span> <span class='ocrx_word' id='word_1_265' title='bbox 899 3358 1007 3423; x_wconf 86' lang='lat' dir='ltr'><strong>Siciliam</strong></span> <span class='ocrx_word' id='word_1_266' title='bbox 1015 3359 1111 3421; x_wconf 84' lang='lat' dir='ltr'><strong>legitur.</strong></span> <span class='ocrx_word' id='word_1_267' title='bbox 1123 3357 1231 3404; x_wconf 82' lang='lat' dir='ltr'><strong>Siciliam</strong></span> 
     </span>
     <span class='ocr_line' id='line_1_31' title="bbox 163 3436 1232 3502; baseline 0.001 -20"><span class='ocrx_word' id='word_1_268' title='bbox 163 3451 217 3498; x_wconf 78' lang='lat' dir='ltr'><strong>cap.</strong></span> <span class='ocrx_word' id='word_1_269' title='bbox 226 3453 275 3498; x_wconf 86' lang='lat' dir='ltr'><strong>seq.</strong></span> <span class='ocrx_word' id='word_1_270' title='bbox 283 3438 383 3484; x_wconf 76' lang='lat' dir='ltr'><strong>classem</strong></span> <span class='ocrx_word' id='word_1_271' title='bbox 393 3436 500 3484; x_wconf 76' lang='lat' dir='ltr'><strong>Gracchi</strong></span> <span class='ocrx_word' id='word_1_272' title='bbox 508 3437 615 3484; x_wconf 86' lang='lat' dir='ltr'><strong>consulis</strong></span> <span class='ocrx_word' id='word_1_273' title='bbox 624 3454 674 3484; x_wconf 89' lang='lat' dir='ltr'><strong>me·</strong></span> <span class='ocrx_word' id='word_1_274' title='bbox 719 3453 732 3484; x_wconf 85' lang='lat' dir='ltr'><strong>a</strong></span> <span class='ocrx_word' id='word_1_275' title='bbox 742 3438 878 3502; x_wconf 84' lang='lat' dir='ltr'><strong>Dionysio,</strong></span> <span class='ocrx_word' id='word_1_276' title='bbox 889 3437 934 3485; x_wconf 85' lang='lat' dir='ltr'><strong>etsi</strong></span> <span class='ocrx_word' id='word_1_277' title='bbox 944 3437 969 3483; x_wconf 92' lang='lat' dir='ltr'><strong>in</strong></span> <span class='ocrx_word' id='word_1_278' title='bbox 977 3437 1134 3494; x_wconf 88' lang='lat' dir='ltr'><strong>Tiburtibus,</strong></span> <span class='ocrx_word' id='word_1_279' title='bbox 1143 3451 1232 3483; x_wconf 85' lang='lat' dir='ltr'><strong>memo·</strong></span> 
     </span>
     <span class='ocr_line' id='line_1_32' title="bbox 163 3514 1231 3579; baseline 0 -19"><span class='ocrx_word' id='word_1_280' title='bbox 163 3514 446 3570; x_wconf 77' lang='lat' dir='ltr'><strong>morat3Duk.-Millia</strong></span> <span class='ocrx_word' id='word_1_281' title='bbox 454 3515 565 3564; x_wconf 82' lang='lat' dir='ltr'><strong>hostium.</strong></span> <span class='ocrx_word' id='word_1_282' title='bbox 576 3515 674 3563; x_wconf 89' lang='lat' dir='ltr'><strong>Sioedi-</strong></span> <span class='ocrx_word' id='word_1_283' title='bbox 719 3516 767 3562; x_wconf 89' lang='lat' dir='ltr'><strong>rari</strong></span> <span class='ocrx_word' id='word_1_284' title='bbox 776 3517 871 3564; x_wconf 91' lang='lat' dir='ltr'><strong>monuit</strong></span> <span class='ocrx_word' id='word_1_285' title='bbox 882 3518 959 3563; x_wconf 85' lang='lat' dir='ltr'><strong>Gran.</strong></span> <span class='ocrx_word' id='word_1_286' title='bbox 968 3516 1081 3578; x_wconf 89' lang='lat' dir='ltr'><strong>idemque</strong></span> <span class='ocrx_word' id='word_1_287' title='bbox 1091 3514 1205 3579; x_wconf 84' lang='lat' dir='ltr'><strong>putabat,</strong></span> <span class='ocrx_word' id='word_1_288' title='bbox 1216 3530 1231 3561; x_wconf 86' lang='lat' dir='ltr'><strong>a</strong></span> 
     </span>
     <span class='ocr_line' id='line_1_33' title="bbox 164 3591 1231 3655; baseline 0.001 -16"><span class='ocrx_word' id='word_1_289' title='bbox 164 3591 201 3639; x_wconf 87' lang='lat' dir='ltr'><strong>dit</strong></span> <span class='ocrx_word' id='word_1_290' title='bbox 210 3594 261 3639; x_wconf 87' lang='lat' dir='ltr'><strong>Jac.</strong></span> <span class='ocrx_word' id='word_1_291' title='bbox 273 3593 349 3640; x_wconf 87' lang='lat' dir='ltr'><strong>Gron.</strong></span> <span class='ocrx_word' id='word_1_292' title='bbox 362 3603 386 3640; x_wconf 89' lang='lat' dir='ltr'><strong>et</strong></span> <span class='ocrx_word' id='word_1_293' title='bbox 396 3593 552 3642; x_wconf 86' lang='lat' dir='ltr'><strong>scribendum</strong></span> <span class='ocrx_word' id='word_1_294' title='bbox 569 3594 675 3655; x_wconf 80' lang='lat' dir='ltr'><strong>conjecit</strong></span> <span class='ocrx_word' id='word_1_295' title='bbox 718 3595 856 3654; x_wconf 80' lang='lat' dir='ltr'><strong>Vescellia,</strong></span> <span class='ocrx_word' id='word_1_296' title='bbox 874 3611 916 3642; x_wconf 84' lang='lat' dir='ltr'><strong>seu</strong></span> <span class='ocrx_word' id='word_1_297' title='bbox 927 3595 1061 3651; x_wconf 80' lang='lat' dir='ltr'><strong>Viscellio‚</strong></span> <span class='ocrx_word' id='word_1_298' title='bbox 1074 3605 1125 3641; x_wconf 88' lang='lat' dir='ltr'><strong>tum</strong></span> <span class='ocrx_word' id='word_1_299' title='bbox 1147 3596 1231 3640; x_wconf 77' lang='lat' dir='ltr'><strong>lovem</strong></span> 
     </span>
     <span class='ocr_line' id='line_1_34' title="bbox 164 3669 1231 3734; baseline -0.002 -16"><span class='ocrx_word' id='word_1_300' title='bbox 164 3669 233 3734; x_wconf 86' lang='lat' dir='ltr'><strong>Pigh.</strong></span> <span class='ocrx_word' id='word_1_301' title='bbox 243 3670 400 3718; x_wconf 88' lang='lat' dir='ltr'><strong>consentiunt</strong></span> <span class='ocrx_word' id='word_1_302' title='bbox 408 3672 505 3734; x_wconf 83' lang='lat' dir='ltr'><strong>quidam</strong></span> <span class='ocrx_word' id='word_1_303' title='bbox 516 3673 590 3720; x_wconf 86' lang='lat' dir='ltr'><strong>codd.</strong></span> <span class='ocrx_word' id='word_1_304' title='bbox 599 3671 673 3720; x_wconf 79' lang='lat' dir='ltr'><strong>maxi-</strong></span> <span class='ocrx_word' id='word_1_305' title='bbox 720 3673 848 3720; x_wconf 85' lang='lat' dir='ltr'><strong>Vicilinum</strong></span> <span class='ocrx_word' id='word_1_306' title='bbox 864 3674 961 3731; x_wconf 76' lang='lat' dir='ltr'><strong>mv,</strong></span> <span class='ocrx_word' id='word_1_307' title='bbox 980 3680 1028 3729; x_wconf 75' lang='lat' dir='ltr'><strong>tl,</strong></span> <span class='ocrx_word' id='word_1_308' title='bbox 1048 3689 1073 3718; x_wconf 92' lang='lat' dir='ltr'><strong>u.</strong></span> <span class='ocrx_word' id='word_1_309' title='bbox 1090 3673 1106 3718; x_wconf 89' lang='lat'><strong>6</strong></span> <span class='ocrx_word' id='word_1_310' title='bbox 1128 3669 1185 3734; x_wconf 91' lang='lat' dir='ltr'><strong>(ubi</strong></span> <span class='ocrx_word' id='word_1_311' title='bbox 1203 3670 1231 3717; x_wconf 87' lang='lat' dir='ltr'><strong>in</strong></span> 
     </span>
     <span class='ocr_line' id='line_1_35' title="bbox 163 3746 1231 3813; baseline 0 -17"><span class='ocrx_word' id='word_1_312' title='bbox 163 3764 202 3796; x_wconf 84' lang='lat' dir='ltr'><strong>ma</strong></span> <span class='ocrx_word' id='word_1_313' title='bbox 218 3760 298 3796; x_wconf 83' lang='lat' dir='ltr'><strong>tamen</strong></span> <span class='ocrx_word' id='word_1_314' title='bbox 308 3747 363 3810; x_wconf 76' lang='lat' dir='ltr'><strong>pare</strong></span> <span class='ocrx_word' id='word_1_315' title='bbox 375 3748 497 3798; x_wconf 76' lang='lat' dir='ltr'><strong>lominum</strong></span> <span class='ocrx_word' id='word_1_316' title='bbox 510 3764 599 3801; x_wconf 88' lang='lat' dir='ltr'><strong>tuetur.</strong></span> <span class='ocrx_word' id='word_1_317' title='bbox 614 3753 660 3799; x_wconf 88' lang='lat' dir='ltr'><strong>Eu.</strong></span> <span class='ocrx_word' id='word_1_318' title='bbox 718 3753 763 3798; x_wconf 90' lang='lat' dir='ltr'><strong>MS</strong></span> <span class='ocrx_word' id='word_1_319' title='bbox 773 3753 826 3798; x_wconf 85' lang='lat' dir='ltr'><strong>Put.</strong></span> <span class='ocrx_word' id='word_1_320' title='bbox 841 3763 866 3799; x_wconf 85' lang='lat' dir='ltr'><strong>et</strong></span> <span class='ocrx_word' id='word_1_321' title='bbox 878 3754 930 3798; x_wconf 84' lang='lat' dir='ltr'><strong>Pet.</strong></span> <span class='ocrx_word' id='word_1_322' title='bbox 942 3751 1030 3813; x_wconf 83' lang='lat' dir='ltr'><strong>legitur</strong></span> <span class='ocrx_word' id='word_1_323' title='bbox 1040 3749 1105 3796; x_wconf 84' lang='lat' dir='ltr'><strong>Iovis</strong></span> <span class='ocrx_word' id='word_1_324' title='bbox 1117 3746 1231 3812; x_wconf 76' lang='lat' dir='ltr'><strong>Visdini),</strong></span> 
     </span>
    </p>

    <p class='ocr_par' dir='ltr' id='par_1_5' title="bbox 165 3824 1233 4051">
     <span class='ocr_line' id='line_1_36' title="bbox 200 3824 1231 3892; baseline 0.002 -20"><span class='ocrx_word' id='word_1_325' title='bbox 200 3835 224 3882; x_wconf 79' lang='grc'><strong>4.</strong></span> <span class='ocrx_word' id='word_1_326' title='bbox 245 3826 400 3884; x_wconf 81' lang='lat' dir='ltr'><strong>Vercellium,</strong></span> <span class='ocrx_word' id='word_1_327' title='bbox 421 3824 576 3888; x_wconf 81' lang='lat' dir='ltr'><strong>Vescellium,</strong></span> <span class='ocrx_word' id='word_1_328' title='bbox 596 3828 674 3878; x_wconf 83' lang='lat' dir='ltr'><strong>Sicili-</strong></span> <span class='ocrx_word' id='word_1_329' title='bbox 718 3841 769 3877; x_wconf 90' lang='lat' dir='ltr'><strong>tum</strong></span> <span class='ocrx_word' id='word_1_330' title='bbox 787 3831 827 3892; x_wconf 81' lang='lat' dir='ltr'><strong>Sp.</strong></span> <span class='ocrx_word' id='word_1_331' title='bbox 844 3828 952 3876; x_wconf 86' lang='lat' dir='ltr'><strong>Cassium</strong></span> <span class='ocrx_word' id='word_1_332' title='bbox 967 3828 1121 3875; x_wconf 84' lang='lat' dir='ltr'><strong>Viscellinum</strong></span> <span class='ocrx_word' id='word_1_333' title='bbox 1138 3827 1231 3875; x_wconf 84' lang='lat' dir='ltr'><strong>dictum</strong></span> 
     </span>
     <span class='ocr_line' id='line_1_37' title="bbox 165 3906 1232 3973; baseline 0.003 -22"><span class='ocrx_word' id='word_1_334' title='bbox 165 3921 236 3953; x_wconf 88' lang='lat' dir='ltr'><strong>num:</strong></span> <span class='ocrx_word' id='word_1_335' title='bbox 245 3918 271 3953; x_wconf 86' lang='lat' dir='ltr'><strong>et</strong></span> <span class='ocrx_word' id='word_1_336' title='bbox 278 3917 401 3962; x_wconf 86' lang='lat' dir='ltr'><strong>auctores,</strong></span> <span class='ocrx_word' id='word_1_337' title='bbox 410 3917 457 3956; x_wconf 87' lang='lat' dir='ltr'><strong>etc.</strong></span> <span class='ocrx_word' id='word_1_338' title='bbox 464 3925 495 3956; x_wconf 82' lang='lat' dir='ltr'><strong>ex</strong></span> <span class='ocrx_word' id='word_1_339' title='bbox 504 3910 603 3973; x_wconf 87' lang='lat' dir='ltr'><strong>optimis</strong></span> <span class='ocrx_word' id='word_1_340' title='bbox 611 3909 675 3957; x_wconf 86' lang='lat' dir='ltr'><strong>MSS</strong></span> <span class='ocrx_word' id='word_1_341' title='bbox 717 3907 799 3955; x_wconf 84' lang='lat' dir='ltr'><strong>fuisse.</strong></span> <span class='ocrx_word' id='word_1_342' title='bbox 818 3911 890 3956; x_wconf 89' lang='lat' dir='ltr'><strong>Forte</strong></span> <span class='ocrx_word' id='word_1_343' title='bbox 907 3908 954 3970; x_wconf 82' lang='lat' dir='ltr'><strong>leg.</strong></span> <span class='ocrx_word' id='word_1_344' title='bbox 977 3907 1143 3961; x_wconf 81' lang='lat' dir='ltr'><strong>Herdonium,</strong></span> <span class='ocrx_word' id='word_1_345' title='bbox 1153 3906 1232 3963; x_wconf 54' lang='lat' dir='ltr'><strong>‚Abol-</strong></span> 
     </span>
     <span class='ocr_line' id='line_1_38' title="bbox 166 3985 1233 4051; baseline 0.003 -20"><span class='ocrx_word' id='word_1_346' title='bbox 166 4000 222 4031; x_wconf 80' lang='lat' dir='ltr'><strong>cum</strong></span> <span class='ocrx_word' id='word_1_347' title='bbox 240 3985 349 4033; x_wconf 83' lang='lat' dir='ltr'><strong>struthio</strong></span> <span class='ocrx_word' id='word_1_348' title='bbox 366 3987 493 4047; x_wconf 83' lang='lat' dir='ltr'><strong>revocari,</strong></span> <span class='ocrx_word' id='word_1_349' title='bbox 509 4000 536 4036; x_wconf 92' lang='lat' dir='ltr'><strong>ut</strong></span> <span class='ocrx_word' id='word_1_350' title='bbox 558 3988 603 4036; x_wconf 86' lang='lat' dir='ltr'><strong>tria</strong></span> <span class='ocrx_word' id='word_1_351' title='bbox 625 3989 674 4036; x_wconf 91' lang='lat' dir='ltr'><strong>sint</strong></span> <span class='ocrx_word' id='word_1_352' title='bbox 719 3986 808 4043; x_wconf 86' lang='lat' dir='ltr'><strong>linum,</strong></span> <span class='ocrx_word' id='word_1_353' title='bbox 826 3987 989 4043; x_wconf 86' lang='lat' dir='ltr'><strong>AEculanum,</strong></span> <span class='ocrx_word' id='word_1_354' title='bbox 1009 3985 1100 4051; x_wconf 87' lang='lat' dir='ltr'><strong>oppida</strong></span> <span class='ocrx_word' id='word_1_355' title='bbox 1115 3985 1233 4049; x_wconf 84' lang='lat' dir='ltr'><strong>Hirpino-</strong></span> 
     </span>
    </p>
   </div>
   <div class='ocr_carea' id='block_1_5' title="bbox 164 4063 1177 4132">
    <p class='ocr_par' dir='ltr' id='par_1_6' title="bbox 164 4063 1177 4132">
     <span class='ocr_line' id='line_1_39' title="bbox 164 4063 1177 4132; baseline 0.001 -21"><span class='ocrx_word' id='word_1_356' title='bbox 164 4064 324 4128; x_wconf 79' lang='lat' dir='ltr'><strong>Hirpinorum</strong></span> <span class='ocrx_word' id='word_1_357' title='bbox 333 4063 436 4132; x_wconf 80' lang='lat' dir='ltr'><strong>oppida,</strong></span> <span class='ocrx_word' id='word_1_358' title='bbox 447 4066 558 4131; x_wconf 84' lang='lat' dir='ltr'><strong>equibus</strong></span> <span class='ocrx_word' id='word_1_359' title='bbox 567 4067 673 4117; x_wconf 78' lang='lat' dir='ltr'><strong>editores</strong></span> <span class='ocrx_word' id='word_1_360' title='bbox 717 4082 770 4115; x_wconf 88' lang='lat' dir='ltr'><strong>mm</strong></span> <span class='ocrx_word' id='word_1_361' title='bbox 779 4065 867 4126; x_wconf 85' lang='lat' dir='ltr'><strong>nobis,</strong></span> <span class='ocrx_word' id='word_1_362' title='bbox 878 4081 930 4115; x_wconf 88' lang='lat' dir='ltr'><strong>nou</strong></span> <span class='ocrx_word' id='word_1_363' title='bbox 942 4064 1061 4126; x_wconf 76' lang='lat' dir='ltr'><strong>librariis,</strong></span> <span class='ocrx_word' id='word_1_364' title='bbox 1071 4064 1177 4113; x_wconf 79' lang='lat' dir='ltr'><strong>notiora.</strong></span> 
     </span>
    </p>
   </div>
   <div class='ocr_carea' id='block_1_6' title="bbox 0 0 1405 4568">
    <p class='ocr_par' dir='ltr' id='par_1_7' title="bbox 0 0 1405 4568">
     <span class='ocr_line' id='line_1_40' title="bbox 0 0 1405 4568; baseline 0 0"><span class='ocrx_word' id='word_1_365' title='bbox 0 0 1405 4568; x_wconf 95' lang='lat' dir='ltr'><strong> </strong></span> 
     </span>
    </p>
   </div>
  </div>
 </body>
</html>
