2782 4568
164 331 235 402 316
399 386 403 393 .
582 339 620 403 T.
653 340 794 407 lell
1074 322 1103 417 l:
1115 318 1141 419 ἓ,
1155 320 1208 421 ;;ξ;

165 480 243 543 eos,
254 456 408 527 intulere
423 483 430 525 ε
444 470 597 554 purgato
616 457 700 529 inde
713 459 845 557 capite,
862 473 902 528 ut
914 482 993 557 mos
1009 459 1050 527 iis
1065 473 1137 545 est,
1154 460 1234 531 cal-

161 590 243 636 vam
265 590 353 637 auro
372 567 539 638 caelavere
547 578 573 637 9.
591 566 707 663 ldque
728 592 869 639 sacrum
891 592 951 639 vas
973 569 1015 637 iis
1035 581 1129 654 erat,
1150 590 1233 664 quo

161 675 372 748 solennibus
384 677 557 764 libarent3
572 678 821 775 poculumque
833 677 931 749 idem
942 677 1119 749 sacerdoti
1132 701 1230 766 esse,

160 811 202 857 ac
219 788 343 884 templi
359 786 588 859 antistitibus.
602 789 722 860 Praeda
735 813 886 886 quoque
899 787 997 859 haud
1010 789 1131 858 minor
1144 786 1231 857 Gal·

159 897 219 983 lis,
239 923 348 995 quam
364 901 530 988 victoria,
547 898 615 969 fuit
633 928 640 969 :
662 924 746 971 nam
767 902 833 971 etsi
850 924 980 997 magna
996 922 1078 996 pars
1095 898 1232 968 anima·

159 1008 248 1078 lium
272 1023 389 1108 strage
415 1011 510 1080 silvae
531 1035 705 1109 oppressa
728 1026 823 1099 erat,
847 1025 969 1081 tamen
991 1023 1127 1079 caeterae
1150 1031 1229 1097 reS,

160 1122 246 1216 quia
265 1119 354 1189 nihil
376 1121 586 1220 dissipatum
604 1120 688 1218 fuga
706 1137 777 1209 est,
797 1135 912 1192 stratae
927 1144 993 1218 per
1015 1142 1162 1190 omnem
1176 1116 1230 1213 ja·

69 1246 76 1259 ‘
160 1231 274 1301 centis
292 1233 444 1328 agminis
467 1231 633 1304 ordinem
652 1235 806 1303 inventae
826 1248 921 1304 suut.

208 1345 317 1413 XXV.
342 1348 416 1414 Hac
439 1344 604 1414 nuntiata
629 1342 748 1432 clade,
765 1368 879 1440 quum
904 1366 970 1439 per
989 1341 1066 1412 dies
1092 1340 1230 1412 multos

159 1451 198 1519 in
219 1466 321 1524 tanto
338 1479 471 1550 pavore
490 1452 615 1526 fuisset
637 1456 779 1543 civitas,
799 1469 858 1540 ut,
877 1453 1057 1524 tabernis1
1082 1452 1231 1538 clausis,

159 1560 259 1632 velut
287 1579 467 1635 nocturna
494 1565 688 1637 solitudine
714 1591 780 1664 per
804 1564 934 1637 urbem
959 1579 1056 1651 acta,
1083 1578 1231 1639 senatus.

160 1668 322 1743 aedilibus
336 1676 524 1772 negotium
541 1675 659 1765 daret,
680 1691 716 1747 et
731 1675 860 1747 urbem
876 1676 1128 1762 circumirent,
1143 1697 1231 1771 ape·

160 1780 298 1877 ririque
323 1781 508 1871 tabernas,
535 1800 571 1856 et
595 1788 773 1857 moestitiae
794 1784 947 1883 publicae
968 1785 1124 1881 speciem
1144 1782 1231 1854 urbi

159 1888 257 1959 demi
273 1889 460 1983 juberent,
481 1908 559 1964 tum
577 1897 628 1965 Ti.
646 1897 880 1992 Sempronius
898 1908 1062 1965 senatum
1080 1891 1229 1981 habuit,

160 2000 442 2099 consolatusque
459 2007 578 2076 Patres
598 2022 666 2091 est,
683 2020 719 2074 et
735 2005 966 2089 adhortatus,
981 2029 1044 2086 ne,
1060 2009 1127 2097 qui
1141 2026 1229 2073 can-

159 2117 262 2181 nensi
271 2119 387 2183 ruinae
398 2138 473 2183 non
483 2116 761 2197 succubuissent,
774 2111 828 2182 ad
837 2118 993 2182 minores
1005 2112 1231 2187 calamitates

159 2227 300 2293 animos
315 2223 567 2296 submitterent.
587 2225 698 2317 Quod
714 2224 767 2293 ad
784 2223 1095 2319 Carthaginienses
1109 2220 1231 2293 bostes

160 2333 481 2431 Hannibalemque
499 2340 625 2405 attinet
633 2344 659 2418 ²,
676 2357 853 2431 prospera
869 2331 980 2402 modo
997 2345 1122 2414 essent,
1138 2335 1233 2400 sieut

160 2444 458 2536 meraretfutura
465 2498 476 2531 ,
489 2441 667 2541 gallicum
685 2442 820 2513 bellum
835 2460 870 2512 et
882 2446 1000 2512 omitti
1015 2456 1091 2511 tuto
1108 2455 1142 2509 et
1155 2438 1229 2530 dif-

154 2547 251 2634 ferri
269 2573 398 2645 posse;
417 2550 665 2649 ultionemque
691 2577 772 2621 eam
781 2553 933 2642 siaudis
955 2549 1160 2620 iudeorum
1182 2574 1231 2620 ae

156 2657 290 2755 populi
307 2667 454 2731 romani
461 2677 643 2757 potestate
656 2664 754 2752 stare.
774 2668 830 2734 De
838 2663 941 2742 boste
956 2685 1072 2759 paena
1093 2666 1228 2731 enerci-

161 2896 211 2943 quo
224 2880 373 2943 subsequens
387 2895 488 2947 pontem
506 2901 515 2929 :
534 2884 629 2931 facilius
648 2897 672 2932 et
715 2882 844 2941 solitudine
853 2899 901 2945 per
913 2882 995 2929 urbem
1012 2891 1082 2937 acta,
1097 2880 1165 2929 velut
1182 2896 1231 2930 no·

160 2959 261 3006 liberius
279 2959 364 3008 flueret
383 2962 474 3019 oratio,
497 2961 517 3008 si
531 2963 670 3025 legeretur:
716 2973 803 3009 cturno
813 2973 936 3023 tempore,
950 2976 999 3022 quo
1011 2960 1055 3007 via
1064 2959 1090 3005 in
1100 2959 1160 3007 urbe
1170 2971 1231 3008 sunt
1312 3020 1315 3025 .

155 3050 257 3101 pontem
273 3052 397 3102 petentes,
423 3041 542 3088 obsessum
562 3053 620 3088 ante
639 3043 671 3088 ab
715 3056 798 3089 vacua
811 3052 836 3088 et
855 3039 971 3097 deserta,
991 3055 1036 3087 nee
1056 3039 1099 3085 ulli
1115 3039 1179 3086 circa
1192 3049 1231 3087 ta·

160 3117 279 3175 hostibus,
294 3119 416 3166 interclusi
424 3132 487 3167 sunt.
500 3123 545 3168 Eo.
713 3119 801 3168 hernae
813 3118 1001 3184 conspiciuntur
1013 3118 1138 3176 homiuem
1153 3120 1230 3167 Doer.

196 3213 221 3260 9.
235 3199 334 3247 Caluam
345 3201 671 3256 aurocaelarere‚aurocae-
714 3200 814 3247 Novum
835 3198 860 3245 h.
882 3199 899 3245 l.
923 3209 959 3245 est
982 3197 1119 3260 exemplum
1138 3197 1231 3257 jussisti

158 3277 208 3325 lato
233 3278 426 3338 circumdedere,
452 3278 486 3326 sic
501 3277 599 3344 fassten
623 3279 669 3325 den
714 3289 802 3342 sponte
815 3278 914 3342 sumpti.
925 3277 1016 3327 Confer
1025 3278 1114 3335 adHI,
1128 3277 1229 3334 3,n.a.

158 3357 322 3405 Himsebddcl
341 3360 386 3406 mit
406 3358 567 3423 getriebenem
592 3359 671 3406 Golde
749 3373 774 3405 a.
790 3357 1003 3418 Hannibalemque
1025 3355 1123 3411 attinet,
1151 3356 1230 3403 immo

160 3435 199 3482 ein
207 3455 217 3492 ;
228 3437 320 3485 Stroth.
333 3439 424 3486 Confer
438 3438 469 3485 ad
477 3441 529 3496 lx,
544 3446 590 3495 40,
602 3455 628 3486 n.
644 3453 669 3486 1.
713 3437 827 3484 attineret
831 3454 842 3491 ,·
855 3438 976 3484 Gron.—
989 3435 1082 3482 Attinet
1090 3435 1228 3499 genuinum

159 3515 216 3563 Mos
223 3517 312 3579 pocula
319 3517 353 3564 ita
364 3517 466 3564 caelandi
472 3517 612 3564 notissimus
619 3529 669 3575 est,
713 3527 783 3580 putat
791 3516 929 3573 Walclnus,
938 3514 1039 3561 Emeud.
1049 3529 1105 3577 pag.
1114 3528 1172 3574 192.
1181 3515 1228 3562 Eu.

158 3593 200 3642 ille
217 3611 276 3645 vero
292 3596 418 3644 Gallorum
433 3596 541 3643 barbaris
553 3595 620 3643 haud
632 3597 670 3642 in-
714 3621 749 3630 -
761 3597 883 3656 Prospera
899 3594 920 3640 si
934 3593 1005 3639 modo
1022 3605 1113 3647 essent,
1134 3593 1231 3640 scilieet

158 3674 538 3723 solitus.-Solenuibusdiebus.
549 3675 669 3723 Caeterum
713 3674 822 3737 incepta,
845 3673 893 3719 nisi
913 3673 997 3736 potius
1011 3689 1043 3718 ex
1056 3672 1112 3719 edd.
1127 3682 1189 3719 antt.
1204 3683 1230 3719 et

158 3755 186 3803 h.
198 3757 215 3802 Ι.
229 3757 268 3803 vel
281 3760 309 3805 τὸ
321 3767 387 3813 erat,
408 3755 447 3802 vel
472 3755 498 3805 rb
518 3771 568 3802 esse
587 3753 670 3818 (quod
714 3751 858 3815 quibusdam
871 3752 934 3798 MSS
952 3751 1150 3798 restituendum:
1168 3767 1230 3812 pro·

159 3847 174 3877 a
190 3833 236 3879 MS
252 3833 319 3880 Harl.
332 3833 417 3901 abest)
437 3834 566 3882 delendum
579 3833 669 3893 rideri,
713 3847 784 3896 spera
797 3830 870 3877 modo
884 3842 955 3888 esset,
968 3832 1031 3878 sicut
1041 3841 1161 3894 speraret,
1170 3828 1229 3894 fhr·

156 3909 207 3971 jam
220 3909 262 3956 alii
272 3927 397 3962 monuere.
714 3922 782 3958 tuna.
797 3904 833 3947 -'-
847 3909 948 3966 Ornitti‚·
961 3909 1018 3956 vide
1027 3909 1059 3954 ad
1072 3911 1125 3966 111,
1141 3909 1188 3967 46,
1200 3925 1227 3956 n.

195 3988 257 4037 Car.
279 3991 363 4040 XXV.
391 4008 412 4039 1.
442 3992 557 4039 Tabernis
581 3990 670 4038 clausis
716 4006 740 4050 7.
753 4015 788 4026 -·-
801 3987 921 4045 Fraudis,
940 4005 987 4052 qua
998 3988 1062 4037 Galli
1074 3989 1227 4037 Postumium

161 4064 227 4134 (vid.
234 4066 266 4114 ad
275 4069 324 4128 111,
334 4085 377 4130 27,
385 4086 410 4118 n.
419 4073 433 4117 3
442 4069 463 4135 ),
474 4073 543 4119 uelut
550 4081 671 4119 nocturna
715 4068 896 4135 exordiumque
909 4069 960 4131 ejus
973 4065 1113 4116 deleverint.
