2782 4568
178 309 300 409 llil:
428 331 578 396 trum
610 328 926 396 trituret.
1141 327 1208 422 237

152 453 309 546 gientem
325 446 512 518 consulem
526 449 584 515 vix
601 450 827 544 septuaginta
843 448 989 542 sequuti
1004 459 1108 535 sunt3
1125 448 1212 520 alte·

152 562 226 629 rius
244 559 430 629 morientis
449 580 564 653 prope
582 570 680 626 totus
699 558 878 628 exercitus
896 552 975 624 fuit.
993 556 1090 625 Binis
1103 557 1140 624 in
1157 581 1213 627 ce-

152 670 232 738 stris
252 693 366 763 quum
383 665 579 736 multitudo
599 665 796 736 semiermis
818 667 895 735 sinc
920 662 1074 735 ducibus
1100 681 1213 752 esset,

152 777 341 863 nuntium,
357 777 472 873 quiin
488 773 686 869 majoribus
704 789 825 861 erant,
837 773 1007 861 mittunt;
1026 774 1115 844 dum
1123 799 1216 872 prce·

153 887 218 971 liu,
239 885 370 956 deinde
391 911 439 957 ex
452 884 585 956 tenua
601 887 717 982 epulis
723 886 905 978 fatigatos
923 889 1023 978 quies
1042 901 1216 984 nocturna

153 995 265 1066 hostes
264 1011 459 1091 premeret,
473 995 573 1065 utud
581 1019 619 1065 se
631 1001 841 1064 transirent:
856 1017 929 1062 uno
942 999 1085 1088 agmine
1096 1001 1216 1065 Canu-

151 1112 242 1185 sium
256 1106 417 1176 abituros
433 1130 517 1176 esse.
537 1110 624 1175 Earn
644 1105 859 1174 sententiam
883 1102 941 1173 alii
960 1116 1073 1172 totam
1095 1130 1215 1202 asper-

154 1206 249 1304 nari;
263 1221 340 1288 Cur
349 1221 443 1286 enim
457 1219 551 1301 illos,
563 1221 630 1311 qui
641 1240 678 1285 se
692 1215 882 1297 arcessant,
894 1220 989 1310 ipsos
997 1238 1067 1283 non
1077 1223 1215 1301 venire,

153 1351 267 1422 quum
292 1351 398 1422 neque
420 1327 594 1421 conjungi
605 1326 788 1422 possent?
812 1329 898 1419 qnia
921 1321 1089 1393 uidelicet
1102 1323 1218 1420 plena

153 1436 306 1505 hostium
328 1442 449 1506 omnia
478 1441 515 1504 in
543 1433 661 1504 medio
684 1451 799 1504 essent
810 1487 825 1521 ‚¹
847 1449 883 1502 et
902 1432 1082 1518 oliorum,
1107 1459 1217 1530 quam

153 1571 237 1627 sna,
254 1570 409 1642 corpora
421 1561 521 1616 tanto
528 1545 693 1643 periculo
710 1542 861 1614 mallent
870 1543 1031 1638 objicere.
1043 1543 1126 1615 Aliis
1140 1570 1217 1616 non

155 1671 227 1726 tam
242 1659 419 1727 sententia
433 1655 638 1753 displicere,
649 1678 757 1751 quam
772 1655 913 1725 animus
929 1654 1063 1725 deesse.
1076 1660 1112 1725 Ρ.
1124 1660 1218 1727 Sern-

155 1765 304 1861 pronius
314 1765 528 1852 Tuditanus,
545 1765 713 1836 tribunus
726 1764 898 1850 militurn,
912 1795 928 1829 u
941 1767 1030 1862 Capi
1045 1791 1130 1861 ergo
1145 1790 1217 1836 ma-

154 1906 170 1951 t<
183 1875 311 1962 vultis,
330 1876 469 1974 inquit,
489 1875 535 1947 ab
554 1877 760 1947 avarissimo
778 1890 814 1946 et
833 1874 1080 1946 crudelissimo
1097 1876 1217 1965 hoste,

155 2016 171 2050 «
186 1987 424 2084 aestimarique
437 1988 553 2084 capita
564 2002 698 2073 vestra,
711 2001 747 2056 et
762 1986 904 2082 exquiri
919 1987 1033 2082 pretia
1051 1985 1096 2056 ab
1111 1988 1218 2068 inter,

154 2095 414 2192 «rogantibus,
430 2122 602 2168 romanus
616 2098 700 2174 civis
714 2098 781 2184 sis,
797 2120 843 2166 an
859 2096 990 2167 latinus
1005 2097 1122 2167 socius
1133 2107 1161 2182 ²,
1176 2111 1217 2167 ut

155 2261 187 2309 ud
198 2263 236 2322 11,
249 2265 294 2322 43,
310 2281 335 2313 n.
344 2265 368 2312 5.
378 2293 413 2302 -
423 2266 530 2313 Alterius
541 2265 663 2313 morientis
708 2265 785 2313 cladis
800 2264 872 2330 (vide
883 2281 936 2329 cap.
948 2261 1007 2328 49),
1017 2280 1069 2311 non
1081 2264 1214 2321 audivisse,

153 2358 229 2405 prope
240 2353 303 2390 totus
313 2343 498 2409 exercitusfitit,
508 2344 533 2391 h.
541 2361 562 2392 e.
573 2345 664 2391 eumin
709 2343 765 2403 sed,
774 2343 880 2391 Varroni
894 2359 958 2391 veno
973 2342 1100 2402 credulos,
1115 2343 1217 2391 traxisse

155 2421 295 2479 moriendo,
304 2423 343 2470 vel
349 2424 400 2484 ejus
406 2423 527 2471 moriendi
535 2423 664 2471 consilium
707 2423 734 2469 iu
747 2422 773 2470 id
785 2422 931 2487 periculum,
942 2437 992 2484 quo
1006 2422 1077 2468 simul
1088 2421 1216 2486 perierint,

155 2511 270 2562 sequutus
284 2514 334 2559 est3
344 2502 378 2549 ita
390 2514 416 2550 ut
428 2502 498 2550 verbi
509 2503 572 2550 mori
583 2503 621 2550 vis
634 2519 664 2550 ex
708 2500 817 2565 adeoque
829 2513 933 2549 mortem
947 2502 1012 2562 ejus,
1026 2501 1119 2548 crimen
1131 2517 1217 2560 suum,

155 2579 240 2642 partic.
249 2580 371 2627 morientis
384 2592 506 2644 repetatur
519 2581 550 2629 nd
563 2581 664 2628 verbum
708 2592 787 2628 morte
796 2580 918 2628 consimili
928 2580 1010 2627 luisse.
1023 2579 1063 2626 Sic
1074 2580 1159 2627 eudem
1168 2581 1217 2628 fere

148 2655 217 2719 filit:
226 2674 281 2704 nam
291 2659 388 2722 scripsit
396 2659 430 2706 ita
440 2659 534 2717 Livius,
549 2671 576 2706 ut
589 2676 663 2706 mem·
709 2660 853 2724 exprimitur
868 2660 1002 2708 sententia:
1017 2681 1028 2700 ιι
1042 2658 1090 2706 Sed
1105 2658 1217 2723 ineptum

156 2734 199 2781 bra
211 2737 259 2783 sibi
274 2737 354 2801 aptius
365 2736 557 2801 responderent,
572 2750 596 2785 et
609 2754 664 2804 pas·
696 2739 784 2803 ‘Lipeii
808 2755 927 2797 acumen3
949 2738 1135 2786 Gronovinnum
1158 2754 1217 2786 vcro

156 2813 202 2861 eim
214 2831 263 2862 esse
275 2816 378 2881 alicujus
397 2816 460 2864 dixit
475 2832 522 2880 pro
539 2815 608 2878 sequi
619 2817 665 2863 oli·
709 2817 834 2882 poeticum
849 2817 935 2881 plane,
950 2817 1025 2863 immo
1041 2816 1217 2880 sophisticum,

157 2895 344 2955 quen-stroth.
358 2895 429 2944 Cous.
440 2893 471 2941 ad
484 2897 534 2952 III,
548 2894 627 2951 36,n.
637 2902 665 2950 4,
709 2908 750 2943 aut
764 2896 932 2958 nugatorium,
945 2895 1031 2942 falsum
1042 2911 1140 2958 quoque
1152 2895 1219 2944 vide·
1302 2925 1304 2930 ,

158 2983 182 3019 et
196 2974 274 3030 xxt,
288 2989 327 3032 11,
340 2991 365 3021 n.
380 2989 401 3020 1.
416 2973 510 3020 Eodem
524 2973 573 3020 fere
589 2972 664 3019 modo
709 2987 757 3023 tur.
768 2975 818 3022 Cur
830 2974 894 3021 enim
907 2973 1027 3020 exeroitus
1040 2989 1154 3020 romanus
1166 2974 1218 3021 lue-

157 3049 253 3113 Lipsius
270 3052 322 3098 heec
339 3052 411 3099 verba
425 3053 598 3115 interpretatus
611 3062 664 3099 eet:
709 3064 746 3100 ret
759 3063 861 3100 mortem
876 3051 1001 3099 consulis?
1014 3052 1110 3113 Quiane
1129 3063 1217 3100 temere

158 3129 255 3176 AEmilio
266 3131 381 3178 morienti
392 3147 468 3194 prope
482 3132 561 3178 omnis
574 3130 664 3177 exerci-
708 3132 873 3196 pugnassent?
888 3132 973 3193 Nugae.
992 3133 1063 3177 Forte
1083 3131 1164 3178 innuit
1182 3132 1218 3178 Li·

157 3218 196 3254 tus
204 3210 370 3256 commoritur.
384 3210 476 3257 Contra
485 3209 608 3257 morientis
616 3225 666 3255 esse
709 3211 772 3268 vius,
784 3209 911 3256 maximam
921 3207 1013 3255 cladem
1023 3207 1107 3256 tulisse
1115 3210 1217 3258 alterum

157 3302 208 3333 non
228 3287 302 3334 latine
322 3288 372 3334 dici
393 3304 465 3352 posse
485 3304 530 3352 pro
551 3286 668 3335 commori
709 3288 857 3346 exercitum,
871 3287 909 3334 vel
925 3302 1001 3332 cornu
1018 3285 1125 3346 AEmilii,
1142 3304 1217 3351 quum

158 3376 242 3412 monet
255 3367 404 3414 Gronovius.
420 3370 454 3415 At
468 3368 542 3416 Drak.
556 3377 581 3413 et
594 3366 665 3414 Crev.
710 3369 791 3433 plures
798 3379 877 3414 tamen
884 3365 1218 3425 exaltero,Varronis,cornu

152 3454 259 3501 notent,
280 3460 330 3492 esse
348 3446 450 3512 alicujus
471 3445 593 3494 morientis
615 3459 666 3490 non
710 3446 837 3494 evaserint.
854 3444 892 3492 Ne
905 3444 940 3490 sic
954 3443 1051 3506 quidem
1064 3444 1158 3508 placet,
1171 3462 1218 3493 nec

159 3536 203 3583 per
221 3537 246 3568 se
263 3521 360 3583 quidem
378 3525 428 3572 dici
446 3540 492 3590 pro
510 3523 585 3572 alicui
602 3539 667 3570 com·
710 3542 792 3573 verum
810 3524 867 3572 setis
879 3534 922 3570 ert.
940 3522 1033 3569 Mortui
1045 3539 1154 3586 quoque,
1166 3540 1217 3572 non

159 3597 670 3666 mori„sedtamenpromorientifavere,
711 3603 849 3659 morientis,
870 3601 995 3649 scriberet.
1017 3601 1098 3663 Quid,
1119 3602 1140 3648 si
1148 3601 1219 3668 sugit

158 3678 294 3735 ndhaerere,
306 3680 386 3742 sequi,
397 3681 500 3739 imitari,
510 3680 633 3738 comitari,
642 3691 667 3728 et
710 3682 855 3746 legerimus?
865 3703 877 3721 υ
890 3684 975 3728 Bauer.
986 3681 1041 3727 Hoc
1047 3679 1117 3745 fugit
1129 3681 1155 3728 in
1165 3682 1218 3746 ple-

158 3756 207 3804 hoo
219 3772 286 3822 pro:
304 3774 359 3804 cum
375 3774 404 3805 eo
421 3759 507 3822 perire.
526 3759 666 3808 Gronovius
711 3762 790 3825 risque
809 3760 878 3808 libris
896 3771 989 3816 exstat,
1007 3759 1050 3806 sed
1069 3776 1121 3807 non
1142 3762 1218 3826 magis

159 3837 254 3882 emend.
274 3834 373 3884 alterius
389 3848 488 3884 mortem
501 3855 583 3902 prope
604 3849 666 3885 totus
711 3842 735 3888 h.
749 3841 765 3887 l.
780 3851 862 3904 aptum
876 3850 919 3886 est.
934 3843 1006 3886 Forte
1020 3838 1067 3902 leg.
1079 3855 1158 3888 comes
1170 3857 1216 3905 pro

160 3914 278 3961 exercitus
287 3913 344 3971 luit,
357 3925 384 3962 ut
395 3932 478 3962 sensus
486 3917 533 3975 sit,
543 3918 599 3965 illos
608 3922 667 3966 Pau·
711 3930 792 3966 totus:
806 3933 854 3980 quo
866 3933 939 3964 sensu
949 3917 1038 3981 passim
1048 3933 1125 3965 comes
1134 3920 1219 3968 mortis

159 3993 209 4038 lum
227 4005 291 4041 recta
310 3994 463 4053 suadentem,
479 3996 667 4058 praedicentem,
712 4009 735 4044 et
748 3995 870 4043 morientis
883 3995 979 4042 dicitur.

159 4071 368 4130 deterrentcm,et
381 4089 454 4120 rurum
467 4073 583 4122 insontem
592 4076 667 4139 culpo
748 4092 772 4120 2.
792 4076 914 4120 Romamn
933 4074 989 4121 ciris
1009 4075 1055 4131 sis,
1077 4092 1110 4122 an
1129 4076 1218 4124 latinus
