2782 4568
172 332 252 401 182·
589 331 627 395 T
661 330 798 397 IIVII

167 476 236 549 gna
251 451 418 521 laetitia
390 450 521 519 rivium
537 450 814 544 sociorumque,
832 458 1002 544 portum²
1019 453 1234 524 Tarraconis

167 564 298 635 exalto
313 562 441 631 tenuit.
452 558 507 630 Ibi
517 561 629 631 milite
644 560 827 656 exposito,
839 557 1021 683 profectus
1033 561 1153 657 Scipio
1164 562 1233 634 fra-

164 676 209 742 tn
220 697 257 743 se
268 686 471 768 conjungit
483 695 523 741 ac
535 670 667 741 deinde
678 694 861 740 commum
872 695 993 740 annno
1005 670 1248 769 consilioque

162 781 342 879 gerebant
355 780 503 852 bellum.
525 784 718 878 Occupatis
743 784 851 879 igitur
874 782 1231 878 Carthaginiensibus

162 891 368 965 celtiberico
395 884 510 979 bella,
529 891 626 977 haud
649 907 861 962 cunctanter
882 891 1028 962 Iberum
1049 907 1229 989 transgre-

161 1003 328 1092 diuntur,
346 1027 413 1074 nec
429 1003 504 1073 ullo
524 1004 600 1073 viso
616 1003 737 1087 hoste,
760 1009 962 1100 Saguntum
980 1017 1138 1100 pergunt
1157 1005 1230 1092 ire,

161 1112 262 1211 quod
281 1113 332 1183 ibi
350 1111 493 1184 obsides
508 1114 618 1183 totius
636 1115 815 1210 Hispaniae
829 1112 998 1184 custodiae
1011 1113 1168 1184 ¹traditos
1181 1113 1229 1185 ab

160 1223 360 1295 Hannibale
374 1223 466 1294 fama
480 1239 555 1296 erat
568 1224 711 1294 modico
720 1225 759 1293 in
772 1248 852 1294 arce
865 1221 1039 1294 custodiri
1049 1221 1227 1319 praesidio.

159 1335 200 1406 Id
225 1359 341 1406 unum
365 1336 496 1432 pignus
518 1335 708 1406 inclinatos
735 1334 781 1404 ad
806 1359 994 1432 romanam
1020 1337 1230 1405 societatem

161 1448 323 1516 omnium
343 1447 521 1544 Hispaniae
544 1446 767 1543 populorum
785 1448 923 1516 animos
936 1443 1165 1533 morabatur,
1180 1470 1229 1516 ne

57 1580 68 1591 ⁴
161 1558 335 1653 sanguine
354 1555 509 1626 liberum
529 1551 685 1628 suorum
698 1556 804 1653 culpa
824 1554 1037 1628 desectionis
1055 1553 1228 1626 lueretur.

159 1671 212 1736 Εο
233 1667 380 1738 vinculo
400 1667 606 1764 Hispaniam
628 1668 683 1738 vir
700 1691 813 1755 unus,
838 1667 960 1739 solerti
982 1668 1094 1764 magis
1117 1690 1228 1762 quam

61 1818 64 1823 ·
160 1774 259 1846 fideli
281 1778 450 1862 consilio,
473 1778 635 1848 exsolvit.
662 1777 804 1877 Abelux
826 1794 902 1849 erat
924 1779 1074 1875 Sagunti
1094 1775 1228 1847 nobilis

160 1884 483 1983 Hispan11s³‚fidus
501 1905 584 1960 ante
599 1891 741 1960 Poenis:
761 1904 839 1959 turn
856 1888 994 1985 (qualia
1009 1888 1228 1986 plerumque

161 2011 245 2064 sunt
276 1994 512 2069 barbarorum
544 1981 709 2097 ingenia)
738 2024 820 2069 cum
851 1998 997 2068 fortuna
1026 2011 1228 2068 mutaverat

160 2103 281 2176 fidem
290 2111 467 2179 Caeterum
478 2109 749 2205 transfugam
724 2134 802 2179 sine
811 2134 1010 2204 magnaerei
1000 2106 1226 2204 proditione
1267 2111 1270 2114 ’

160 2218 366 2289 venientem
385 2219 430 2290 ad
449 2219 590 2307 hostes,
610 2218 701 2288 nihil
720 2217 819 2288 aliud
833 2243 943 2312 quam
961 2243 1076 2288 unum
1090 2219 1162 2288 vile
1176 2231 1226 2288 at·

161 2350 233 2420 que
252 2325 384 2397 inlaine
410 2333 560 2425 corpusl
585 2351 662 2398 esse
680 2343 798 2414 ratus,
824 2327 861 2396 id
886 2325 1034 2423 agebat,
1054 2342 1095 2395 ut
1115 2348 1228 2420 quam

159 2437 357 2505 maximum
380 2438 667 2507 emolumentum
694 2439 797 2506 novis
817 2437 921 2511 sociis
939 2450 1043 2506 esset.
1065 2436 1228 2509 Circum·

160 2544 290 2639 spectis
303 2545 409 2641 igitur
421 2543 609 2632 omnibus,
621 2570 700 2641 quae
713 2544 860 2615 fortuna
874 2546 1061 2642 potestatis
1076 2545 1151 2638 ejus
1163 2568 1227 2642 po-

159 2667 251 2727 terat
261 2652 377 2724 facere
387 2650 414 2740 ⁵,
431 2652 619 2724 obsidibus
633 2657 859 2752 potissimum
870 2654 1052 2725 tradendis
1064 2656 1226 2725 animum
1301 2647 1309 2677 ⁷

159 2761 315 2855 adjecit:
336 2788 413 2834 eam
434 2790 544 2834 unam
562 2790 640 2836 rem
659 2766 813 2836 maxime
833 2778 932 2835 ratus
953 2762 1226 2834 conciliaturam

156 2874 329 2944 Romanis
350 2875 553 2972 principum
574 2877 754 2972 Hispaniae
775 2875 978 2944 amicitiam
999 2869 1069 2942 Sed
1088 2894 1224 2966 quum,

156 2984 295 3079 injussu
316 2987 470 3056 Bostaris
492 2986 668 3083 praefecti,
692 2988 774 3057 satis
792 2986 917 3071 sciret,
939 2982 1029 3052 nihil
1055 2979 1224 3051 obsidum

158 3093 325 3166 cusmdes
332 3078 500 3166 facturos
516 3121 613 3185 esse,
630 3096 835 3166 Bostarem
827 3119 947 3191 ipsum
965 3106 1041 3163 arte
1060 3089 1225 3188 aggredi·

156 3218 227 3274 tur
245 3209 368 3276 Castra
384 3220 483 3276 extra
500 3151 651 3277 urberii
644 3232 680 3276 tn
696 3208 775 3304 ipso
790 3207 895 3276 litore
908 3200 1066 3274 habebat
1079 3206 1224 3289 Bostar,

156 3327 198 3384 ut
211 3314 348 3386 aditum
363 3341 404 3388 ea
417 3332 518 3413 parte
530 3316 786 3389 intercluderet
797 3310 1002 3386 Romanisss.
1014 3311 1070 3382 lbi
1082 3310 1224 3382 eumin

192 3544 216 3576 2.
228 3531 328 3576 Portum
338 3530 483 3577 Tarraconis
497 3529 581 3596 (quod
593 3543 666 3596 caput
711 3523 801 3590 Ᾰὸΐλυξ
815 3530 882 3594 apud
895 3529 1040 3594 Polybium,
1052 3529 1105 3586 111,
1118 3527 1166 3590 98,
1179 3536 1224 3590 9'9.

155 3607 203 3655 fnit
220 3607 345 3673 Hispaniae
356 3612 452 3656 Tarrac.
466 3611 492 3657 in
510 3626 552 3657 ora
570 3611 667 3659 Catalo-
710 3611 773 3657 Mox
777 3608 834 3673 jam
841 3623 888 3672 pro
898 3617 948 3653 tam
959 3607 1109 3665 eonj.Doer.

156 3686 219 3744 niae,
240 3687 299 3734 hod.
321 3689 482 3753 Tanagram·
499 3689 555 3737 vide
574 3689 604 3736 ad
624 3691 666 3739 Sil.
747 3682 1225 3751 a.1nfamecorpuspr0h0mine,ut

155 3763 205 3822 ΙΙΙ,
221 3765 288 3830 369)
306 3767 401 3814 exalto
416 3764 509 3825 tanniu
503 3768 580 3816 ·vide
595 3769 666 3827 adl,
711 3772 794 3834 σῶμα.

159 3855 187 3898 1
200 3857 225 3887 ¹1·
237 3844 260 3890 8
747 3844 770 3891 5.
786 3845 846 3904 Quae
852 3842 959 3908 fortuna
967 3839 1098 3906 potestatis
1111 3838 1163 3904 ejus
1173 3854 1224 3901 po-

167 3915 216 3965 3
232 3921 297 3967 Abel
286 3922 330 3967 lux
344 3935 399 3970 erat
413 3924 516 3990 Sagunti
528 3925 615 3974 nobilis
621 3924 666 3972 Hi·
710 3921 883 3986 tumefacere5
897 3923 953 3968 vide
972 3921 1003 3968 ad
1018 3922 1073 3977 ΙΙΙ,
1087 3919 1120 3965 62
1128 3952 1136 3977 ,
1154 3933 1181 3967 n.
1196 3916 1224 3965 5‹

155 4012 259 4059 manus:
268 4015 334 4058 nou,
344 4003 476 4051 utinantt.
486 4004 543 4051 edd
553 4004 663 4060 Abelux,
709 4004 793 4049 -De
805 4004 907 4049 Bostare
917 4001 973 4048 vide
981 3997 1069 4062 Polyb.
1078 3997 1096 4045 l.
1105 3997 1123 4044 l.

74 4142 78 4147 Δ
155 4075 198 4123 sed
214 4078 303 4126 rectius
316 4079 379 4128 forte
394 4082 491 4142 Abelrx
505 4093 548 4131 sut
563 4082 663 4143 Abilrsc.
743 4081 768 4131 6.
781 4082 813 4129 lJt
824 4081 920 4130 aditum
931 4096 961 4127 ea
966 4089 1040 4144 parte
1051 4075 1224 4126 intercluderet
