2782 4568
105 306 109 311 ·
165 302 233 372 282
582 307 795 375 T.L1v11
1077 292 1139 392 tt:
1154 293 1206 394 3321

90 501 93 507 Ι
164 454 180 488 «
195 421 329 494 dextrae
353 421 498 496 dextras
522 421 733 520 jungentes,
759 423 870 498 fidem
892 427 1172 517 obstrinximus,
1188 445 1233 501 ut

163 549 346 607 «sacratas
366 533 440 605 fide
457 559 603 623 manus,
620 533 772 634 digressi
794 537 840 609 ab
859 538 1062 635 colloquio,
1085 553 1232 611 extem-

162 675 179 710 «
193 646 257 744 plo
270 647 309 717 in
327 670 411 717 eum
426 647 669 720 armaremus?
683 646 735 718 Ab
751 647 919 748 hospitali
932 645 1078 720 mensa3
1091 651 1231 747 surgis,

162 755 364 854 «adquam
383 757 511 828 tertius
527 761 794 855 Campanorum
812 757 994 831 adhibitus
1010 783 1048 830 es
1062 757 1108 830 ab
1126 765 1230 831 Han-

158 897 178 932 «
191 865 332 953 nibale,
356 882 398 941 ut
425 891 503 939 eam
528 869 642 964 ipsam
666 893 828 942 mensam
848 884 1054 941 cruentares
1071 868 1230 967 hospitis

160 1007 178 1043 «
191 978 388 1075 sanguinei
400 977 639 1050 Hannibalem
653 993 756 1078 pater
767 978 843 1052 filio
855 1005 937 1053 meo
951 982 1055 1080 potui
1065 980 1227 1078 placare,

160 1088 307 1199 «filium
327 1089 520 1161 Hannibali
537 1115 613 1162 non
631 1091 804 1188 possum?
822 1092 893 1163 Sed
911 1092 956 1162 sit
979 1091 1070 1162 nihil
1091 1093 1229 1180 sancti,

160 1223 268 1277 «non
292 1199 399 1290 fides,
421 1227 499 1273 non
517 1201 664 1325 religio,
688 1226 766 1272 non
786 1201 926 1298 pietas:
948 1195 1200 1272 audeantur
1167 1225 1229 1269 m·
1240 1200 1243 1205 ’

159 1340 176 1375 «
189 1307 314 1400 landa,
326 1313 355 1382 si
369 1335 446 1382 non
467 1312 664 1409 perniciem
678 1310 788 1382 nobis
806 1333 889 1380 cum
906 1308 1039 1380 scelere
1053 1305 1226 1381 afferunt.

154 1447 175 1483 a
189 1423 293 1492 Unus
303 1444 535 1519 aggressurus
549 1446 587 1491 es
600 1419 861 1492 Hannibalem?
870 1418 969 1507 Quid
980 1416 1039 1487 illa
1049 1416 1158 1488 turba
1168 1432 1227 1490 tot

158 1527 387 1600 «liberorum
401 1532 685 1628 servorumque?
698 1531 787 1626 quid
802 1533 840 1600 in
858 1553 974 1600 unum
993 1529 1127 1600 intenti
1143 1552 1225 1598 om·

157 1667 174 1723 <5
189 1639 291 1716 nium
304 1640 424 1711 oculi?
436 1637 526 1736 quid
540 1653 596 1710 tot
611 1638 767 1724 dextrae?
776 1651 1035 1734 torpescentne
1047 1637 1085 1705 in
1097 1659 1226 1705 amen-

158 1750 236 1818 «tia
257 1746 365 1819 illai?
385 1749 538 1847 Vultum
567 1749 678 1845 ipsius
710 1735 935 1835 Hannibalis,
962 1770 1073 1843 quem
1095 1745 1226 1815 armati

156 1888 173 1922 «
187 1860 366 1929 exercitus
380 1859 556 1929 sustinere
575 1872 780 1954 nequeunt,
795 1881 906 1954 quem
919 1855 1045 1927 horret
1064 1852 1225 1953 populus

152 1990 378 2052 «romanus,
399 1980 441 2036 tu
458 1965 677 2038 sustinebis?
696 1982 748 2052 et,
767 1967 836 2037 alia
852 1967 983 2037 auxilia
1001 1962 1139 2053 desint,
1159 1987 1222 2035 me

155 2077 307 2175 «ipsum
326 2075 452 2165 ferire,
479 2100 613 2173 eorpus
638 2101 760 2148 meum
784 2090 1121 2175 opponentempro
1142 2096 1223 2145 eor-

153 2217 172 2252 «
185 2212 275 2284 pore
288 2185 514 2273 Hannibalis,
527 2185 743 2258 sustinebis?
754 2187 864 2283 Atqui
878 2209 945 2282 per
958 2207 1079 2254 meum
1093 2194 1224 2279 pectus

155 2327 172 2361 «
186 2297 366 2395 petendus
377 2297 437 2370 ille
446 2297 531 2384 tibi,
541 2295 880 2396 transfigendusque
892 2311 955 2368 est.
967 2294 1150 2367 Deterreri
1160 2291 1224 2364 bie

156 2493 271 2559 ...fidem
289 2492 469 2557 obstrinximus.
490 2492 668 2541 Obstrinximus
711 2503 830 2541 amentem
839 2490 973 2550 videbuut3
985 2489 1077 2538 Duker.
1087 2488 1121 2539 Τὸ
1135 2487 1159 2534 in
1172 2487 1222 2536 del.

155 2570 202 2635 (ne
215 2571 281 2618 illam
294 2570 379 2635 ideo),
392 2583 419 2618 ut
430 2583 668 2620 sacratas...arme·
692 2603 695 2611 ι
711 2572 813 2636 putabat
832 2571 981 2619 Gronovius.
996 2597 1032 2606 -
1045 2569 1149 2614 Vultum.
1162 2571 1223 2616 Haee

155 2655 254 2697 umus?
274 2650 389 2698 libenter
409 2662 490 2698 tamen
509 2650 550 2700 Cl.
570 2652 671 2714 Ruperti
712 2651 836 2700 transtulit
855 2651 942 2708 smus,
954 2649 998 2698 lib.
1009 2651 1061 2703 XI,
1079 2647 1131 2709 339
1147 2663 1223 2710 sqq.,

154 2714 320 2789 oonjeetriram
335 2730 456 2794 aecipiat,
471 2729 605 2778 dummodo
619 2746 669 2778 aer-
711 2731 826 2795 illamque
838 2729 982 2778 sententiam
995 2726 1083 2774 vividis
1096 2725 1222 2774 coloribus

154 2818 226 2856 vetur
233 2823 383 2856 armai-emus
391 2826 400 2856 .·
407 2809 434 2856 in
442 2809 564 2873 proximis
570 2824 668 2872 quoque
710 2811 746 2858 ita
754 2810 899 2858 adornavit:
909 2831 922 2850 κ
932 2807 1004 2855 Fallit
1011 2817 1048 2863 te,
1056 2821 1150 2851 mensas
1157 2804 1224 2853 inter

151 2897 293 2951 cruentares
303 2887 427 2947 defendit,
436 2887 579 2954 qrria⁴eutgis
588 2888 668 2937 videri
712 2889 781 2953 quod
791 2889 870 2938 eredis
881 2888 1006 2936 inermem.
1016 2886 1065 2932 Tot
1075 2883 1147 2930 bellis
1155 2899 1223 2947 qqae·

154 2964 227 3014 debet
240 2982 286 3031 pro
297 2967 437 3024 sumaim&
446 2966 557 3032 adeoque
567 2967 610 3016 bie
623 2967 667 3016 ad·
711 2969 756 3016 sita
765 2967 835 3028 viro,
846 2979 885 3016 tet
897 2965 1007 3014 caedibus
1018 2972 1093 3011 armat
1103 2963 1219 3023 Maiestas

151 3055 191 3094 eet
196 3046 304 3110 legitima
312 3058 451 3110 temporum
459 3047 612 3095 eonseeutio.
619 3048 666 3094 En.
710 3057 798 3095 aeterna
808 3047 901 3095 ducem.
912 3044 938 3092 Si
946 3042 1083 3090 admoveris
1091 3057 1148 3100 ora,
1157 3041 1220 3088 Can·

191 3127 214 3172 3.
229 3124 270 3172 Ab
286 3123 402 3189 hospitali
411 3141 511 3184 potense,
528 3138 583 3190 ques
598 3140 666 3174 sacra
709 3127 753 3174 rias
762 3138 786 3175 et
795 3127 908 3174 Trebiam
917 3135 973 3171 ante
983 3123 1220 3184 oculos,Trasyrne·

152 3215 206 3262 θοις
222 3204 279 3251 vide
291 3204 323 3251 ad
335 3206 449 3264 1L,xo,
466 3220 490 3252 u.
503 3207 531 3264 33
545 3205 577 3253 ad
585 3205 665 3252 Taciti
707 3221 787 3270 neque
798 3205 880 3262 busta,
890 3206 921 3251 Et
932 3203 1010 3250 Paulli
1021 3213 1084 3248 stare
1095 3200 1220 3264 ingentem

155 3282 245 3331 annet
256 3285 293 3342 11,
306 3284 353 3342 65,
366 3302 392 3332 n.
405 3292 434 3343 43
447 3286 527 3343 XIII,
543 3300 583 3344 17,
598 3301 624 3332 n.
634 3285 662 3340 ὃς
709 3284 837 3340 miraberis
856 3283 997 3333 umbram.»
1016 3282 1061 3328 En.
1081 3304 1117 3315 -
1139 3279 1165 3326 Si
1181 3279 1223 3326 vel

155 3363 214 3419 XV,
228 3362 270 3420 5²,
282 3380 308 3409 11·
319 3364 350 3425 ὃς
364 3364 407 3411 Sil.
418 3364 506 3423 xvn,
516 3364 664 3423 6831uvett.
708 3363 761 3413 atia
777 3362 875 3411 auxilia
892 3360 985 3418 desint,
1001 3360 1057 3418 alii,
1072 3357 1115 3422 qui
1130 3349 1223 3406 Hauni-

154 3441 369 3498 11,110.-·Sed
384 3439 598 3497 sicuttilsancti,
615 3457 664 3488 non
710 3442 788 3491 balem
799 3443 887 3502 juvent
899 3451 925 3488 et
936 3449 1057 3487 tueantur.
1080 3433 1134 3500 Ut(
1141 3452 1222 3500 quam-

147 3518 208 3585 fid„
219 3533 269 3566 non
275 3519 328 3577 rel„
337 3531 384 3567 ete.
390 3521 447 3567 Duo
453 3531 594 3582 argumenta
600 3531 667 3580 sunt,
710 3521 762 3585 vis)
773 3519 826 3568 alia
836 3518 947 3583 reposuit
957 3520 1005 3565 Str.
1019 3517 1088 3564 Tales
1105 3516 1145 3562 vel
1159 3515 1222 3562 talia

155 3597 247 3662 quibus
267 3597 373 3648 deterret
395 3597 474 3645 lilium
495 3609 579 3663 pater,
591 3615 667 3648 unum
710 3614 758 3664 pro
770 3610 794 3645 et
806 3597 859 3646 alia
871 3599 899 3644 in
915 3598 978 3644 MSS
994 3607 1019 3643 et
1035 3594 1092 3642 edd.
1105 3604 1167 3642 antt.
1185 3621 1222 3630 -

156 3677 208 3728 ἀπὸ
228 3682 270 3729 τοῦ
291 3677 408 3748 αἰσχροῦ,
425 3681 531 3728 alterum
553 3677 602 3730 ἀπὸ
624 3681 668 3729 τοῦ
711 3681 760 3725 Per
776 3692 856 3724 meum
867 3687 953 3740 peetus
968 3675 1088 3739 petendus
1104 3673 1144 3722 ille
1161 3672 1220 3729 tibi,

108 3749 111 3754 ¹
158 3751 290 3809 ἀδυνάτου.
302 3756 570 3821 Sigon-malque
579 3756 601 3805 si
610 3756 673 3806 nihil
713 3755 937 3825 tramfigendusque
948 3766 994 3812 esc,
1005 3752 1141 3802 interlicere
1152 3753 1221 3799 illum

158 3851 248 3884 ...non
254 3836 337 3900 pietas
351 3835 494 3886 audiantur.
506 3833 556 3885 En.
713 3835 814 3900 nequis,
827 3835 888 3898 quin
898 3845 1001 3883 meante
1012 3832 1159 3891 interficias,
1173 3831 1221 3879 nisi

196 3922 220 3970 4.
239 3917 412 3979 lbrpeseenme
431 3917 457 3964 in
478 3916 587 3965 marne
606 3916 670 3964 ittae
714 3914 829 3979 mepriue
839 3914 1033 3962 oeciso:utlere
1042 3914 1098 3970 XL,
1117 3927 1146 3973 9,
1160 3912 1221 3958 ni.

159 3995 186 4043 h.
197 4009 220 4041 e.
233 4009 309 4058 quum
325 4006 351 4042 tu
365 4007 414 4043 tam
427 4012 510 4044 amens
520 3997 582 4056 eris,
594 4012 669 4060 quum
714 3997 760 4041 Per
769 4009 848 4041 metim
857 3993 920 4041 latus
931 4005 957 4040 tu
964 3991 1073 4056 peteris,
1087 3991 1112 4038 h.
1124 4007 1168 4040 e.a
1182 4007 1221 4039 me

159 4073 226 4122 illam
243 4084 310 4122 tuam
327 4075 471 4134 amentiam,
485 4091 560 4138 quum
577 4087 601 4124 te
618 4086 668 4123 tam
714 4073 792 4121 eaedes
804 4072 836 4120 ad
848 4083 872 4120 te
884 4073 1026 4130 veniat‚me
1037 4071 1132 4119 sublato
1143 4081 1167 4118 te
1180 4086 1221 4134 pe·
