2782 4568
1100 322 1125 360 A.
1137 321 1161 360 C.
1177 335 1221 376 ²¹7¹

192 327 258 400 156
610 340 648 404 Τ.
685 340 824 408 LIVII
1099 379 1127 420 u.
1139 382 1163 422 c.
1177 384 1223 423 ⁵³⁵.

186 477 230 522 ac
252 457 366 522 Menti
387 454 568 525 moeotidas
594 482 688 544 esse,
718 475 753 528 et
769 457 1070 555 supplicationem
1083 459 1246 532 lecenter--

186 566 359 657 niumque
379 562 607 652 habendum,
636 583 670 636 et
694 593 760 638 ver
779 578 950 638 sacrum9
968 569 1189 658 vovendum,
1219 579 1251 642 si

189 669 359 740 bellatum
366 697 539 771 prospere
551 692 640 746 esset
644 731 655 763 ,
668 701 795 772 resque
799 677 954 774 publico
969 684 1004 746 in
1016 677 1161 765 eodem,
1177 705 1250 775 quo

187 791 272 848 ante
285 779 572 872 bellumfuieset,
586 800 681 856 statu
686 792 952 882 permansisset.
966 792 1137 876 Senatus,
1157 814 1250 885 quo-

187 887 284 957 niam
296 889 446 960 Fabium
459 891 546 963 belli
560 918 645 964 cura
656 911 874 992 occupatura
887 910 996 983 esset,
1012 900 1061 966 M.
1073 896 1251 968 AEmilium

103 1006 110 1019 '
187 1013 395 1094 praetorem,
415 1028 458 1073 ex
477 1004 616 1101 collegii
635 1003 849 1102 pontificum
865 1007 1062 1092 sententia,
1076 1008 1195 1101 omnia
1211 1031 1253 1077 ea

187 1123 228 1178 ut
248 1125 389 1182 mature
408 1112 514 1203 fiant,
536 1140 661 1186 curare
677 1115 794 1211 jubet.

236 1223 280 1288 X.
297 1223 359 1291 His
375 1225 693 1296 senatusconsultis
708 1223 894 1322 perfectis,
909 1230 949 1294 L.
964 1225 1153 1297 Cornelius
1166 1231 1254 1297 Len·
1298 1246 1300 1250 ‘

189 1329 286 1400 tulus
297 1342 323 1419 ¹,
340 1332 503 1429 pontifex
516 1338 708 1420 maximus,
726 1334 937 1406 consulente
954 1335 1105 1433 collegio
1122 1352 1253 1434 praeto·

188 1465 289 1529 rum,
304 1445 467 1515 omnium
476 1446 634 1542 primum
648 1446 826 1541 populum
836 1445 1101 1516 consulendum
1115 1445 1159 1516 de
1169 1471 1253 1516 vere

92 1652 94 1657 Δ
189 1575 290 1622 sacro
310 1568 432 1625 censet
450 1582 457 1621 ε
475 1554 617 1648 injussu
633 1554 761 1652 populi
779 1556 903 1626 voveri
920 1580 996 1625 non
1012 1562 1129 1652 posse.
1143 1561 1255 1652 Roga·

189 1674 247 1730 tus
266 1664 303 1731 in
320 1662 395 1733 haec
413 1663 523 1734 verba
537 1665 712 1762 populus,
729 1665 886 1736 «Velitis
900 1665 1105 1759 jubeatisne
1120 1665 1191 1737 hoc
1205 1667 1254 1736 sic

191 1858 237 1915 36,
255 1875 282 1907 n.
298 1876 319 1907 1.
337 1887 372 1896 —
387 1862 462 1909 AEdes
484 1861 571 1909 Veneri
588 1861 700 1925 Erycina

189 1936 260 1999 (vide
277 1939 308 1986 ad
326 1943 403 1998 XXI,
420 1956 464 1998 10,
482 1958 507 1989 n.
521 1939 547 2007 8)
562 1958 593 1988 ac
606 1940 685 1988 Menti
690 1958 700 1996 ‚·

190 2017 257 2065 conf.
268 2034 320 2083 cap.
333 2035 376 2080 ro;
386 2022 486 2078 XXIII,
497 2021 625 2080 3130vid.
636 2025 698 2068 Fast.

190 2097 240 2152 VI,
253 2105 301 2153 241
314 2115 351 2162 sq.
362 2099 493 2162 AugustIn.
507 2100 535 2148 C.
549 2101 580 2147 D.
593 2101 638 2158 IV,
653 2114 698 2158 213

191 2176 300 2224 Lactant.
311 2180 336 2237 I,
347 2195 393 2236 ²03
406 2179 471 2242 inpr.
483 2177 535 2227 Cic.
544 2178 602 2242 Leg.
612 2180 648 2239 Il,
659 2179 681 2225 8.
684 2223 693 2251 s

226 2269 250 2315 9.
262 2259 310 2302 Ver
320 2274 429 2317 sacrum,
444 2274 519 2321 pecus
536 2256 635 2321 (qualei
649 2256 699 2304 vid.

191 2350 243 2398 cap.
258 2351 303 2395 10,
313 2354 338 2384 u.
351 2336 395 2400 8),
409 2338 523 2401 proximo
533 2354 590 2384 vere
601 2349 700 2394 natum,

189 2413 254 2459 inter
268 2415 323 2462 Kal.
337 2418 411 2464 Mart.
425 2428 450 2465 et
463 2417 543 2481 pridie
556 2418 612 2464 Kal.
622 2416 700 2464 Maias

191 2490 266 2553 (vide
280 2495 402 2551 XXXIV,
421 2503 468 2553 44,
490 2507 514 2543 et
532 2495 654 2543 Dodwell.
671 2495 701 2541 de

191 2569 261 2633 Cycl.
273 2573 310 2629 X,
323 2587 365 2629 10,
378 2584 403 2619 et
416 2573 522 2636 append.
537 2573 605 2637 prael.
616 2573 700 2621 Camd.

190 2665 216 2711 p.
224 2648 256 2707 75
259 2647 293 2711 8),
302 2650 438 2696 uouendum
448 2651 507 2698 diis:
517 2668 566 2714 quo
578 2652 641 2698 ritu?
650 2653 700 2699 vid.

190 2742 243 2790 cap.
258 2743 296 2775 ιο.
311 2733 410 2776 Festus:
427 2729 523 2794 Magnis
529 2730 645 2794 perieulis
657 2732 702 2778 ad·

189 2805 257 2853 (lacti
265 2808 387 2855 vovebant
393 2807 466 2864 Itali,
483 2824 639 2872 quaecumque
643 2827 702 2874 pro·

98 2926 101 2931 .
188 2886 256 2934 ximo
266 2903 324 2933 vere
335 2899 396 2935 nata
408 2901 485 2936 essent
494 2889 564 2952 opud
572 2905 597 2935 se
606 2890 702 2936 anima·

76 4226 177 4296 *k

191 2964 240 3022 lia,
259 2966 433 3015 immolaturos.
449 2968 497 3015 Sed
514 2985 588 3031 quum
607 2969 702 3015 crudele

189 3044 322 3102 uideretur,
334 3063 425 3109 peteres
434 3063 468 3093 nc
478 3047 575 3110 puellas
589 3047 703 3093 innocen·

191 3137 225 3170 tes
241 3125 389 3192 interjicere,
407 3126 538 3190 perductos
554 3125 580 3171 in
593 3126 704 3173 adultam

191 3214 288 3249 oetatem
298 3204 426 3262 velebant,
438 3216 511 3268 atque
520 3204 556 3251 ita
565 3205 706 3272 extrajines

192 3298 248 3328 suos
263 3283 402 3346 exigebant.
418 3285 455 3333 Cf.
470 3274 592 3332 Plutarch.
606 3284 663 3331 Fah.
679 3301 704 3347 p.

197 3364 259 3420 176;
273 3361 348 3409 Hard.
359 3362 391 3409 ad
401 3363 518 3420 Plinium,
529 3381 558 3421 2,
572 3380 614 3411 eeu
625 3365 669 3421 18,
682 3374 707 3409 et

192 3440 300 3487 Brieson.
315 3440 346 3487 de
362 3443 443 3491 Fortu.
456 3445 481 3500 I,
497 3457 538 3502 97.
547 3445 641 3490 Votum
654 3442 703 3489 hoc

191 3536 235 3567 ver
244 3536 338 3567 sacrum
350 3535 403 3567 non
414 3537 428 3566 a
438 3522 474 3568 M.
485 3521 595 3579 AEmilio,
607 3521 648 3567 cui
661 3536 704 3566 ne-

192 3599 285 3661 gotium
299 3599 374 3647 modo
388 3599 483 3656 datum,
494 3611 522 3647 ut
532 3599 639 3657 videret,
653 3615 705 3646 om-

191 3677 247 3736 nia,
263 3694 294 3724 cx
315 3678 433 3725 relatione
453 3677 646 3724 decemvirorum
663 3694 706 3741 pa-

192 3756 375 3814 randa,mature
381 3756 443 3814 fieri,
449 3755 492 3803 sed
498 3757 528 3803 ab
536 3757 584 3804 allo
591 3768 705 3821 praetore,

193 3835 285 3896 dequo
298 3834 350 3882 vid.
362 3837 491 3894 XXXIII,
508 3843 554 3894 44,
572 3847 600 3884 ut
616 3836 661 3883 alia
675 3836 705 3883 ab

192 3912 260 3969 aliis,
271 3911 301 3958 de
312 3929 361 3975 quo
372 3914 422 3960 vid.
433 3914 552 3973 IndIcem,
564 3926 588 3962 et
601 3931 654 3979 cap.
666 3931 704 3962 10.

192 3992 228 4038 M.
239 3990 364 4037 AEmt'lium
376 4004 507 4054 praetorem
523 4010 577 4040 cum
592 3993 703 4058 collegis,

194 4069 233 4117 vel
250 4080 274 4115 et
290 4068 395 4134 collegas
411 4087 443 4118 ex
463 4072 502 4119 vel
516 4072 546 4118 de
560 4072 705 4140 pontfieum

745 1863 864 1910 sententia
879 1863 1002 1911 malebant
1016 1862 1086 1926 Pigh.
1101 1863 1126 1908 in
1142 1863 1207 1909 Ann.
1225 1862 1257 1909 ad

744 1958 784 1989 nn.
802 1943 866 2001 536,
879 1954 904 1990 et
917 1945 995 1992 Gron.
1008 1943 1100 1999 Recte,
1121 1939 1142 1986 ei
1157 1956 1211 2003 cap.
1224 1956 1256 1986 ιο

744 2038 782 2086 pr.
794 2035 850 2068 vera
865 2033 902 2070 est
914 2019 1024 2069 omnium
1038 2034 1109 2084 paene
1122 2020 1167 2066 MS
1182 2019 1257 2066 lectIo
1352 2075 1356 2083 ι

745 2100 882 2147 consulente
902 2098 1003 2163 collegio
1020 2109 1168 2161 prucorum,
1188 2113 1257 2156 non,

745 2178 814 2241 quod
827 2189 886 2226 vett.
900 2178 957 2225 edd.
970 2177 1103 2234 exhibent,
1119 2169 1258 2223 consulente

745 2257 846 2321 collegio
855 2255 999 2323 pontificum
1005 2291 1013 2313 ,
1025 2257 1075 2314 vel,
1085 2254 1152 2318 quod
1161 2254 1258 2318 Lipsius

745 2347 770 2384 et
782 2335 857 2382 Drak.
871 2335 1005 2392 malebant,
1016 2333 1131 2397 quodque
1142 2335 1256 2381 Gronov.

744 2415 837 2478 recepit
850 2414 963 2477 quidem,
976 2429 1021 2460 nec
1035 2424 1116 2461 tamen
1131 2411 1258 2476 probavit,

745 2495 883 2542 consulente
898 2491 1025 2557 collegium
1036 2503 1150 2555 praetore.
1168 2491 1259 2539 Confer

745 2573 810 2619 nuk.
822 2583 846 2619 et
858 2571 933 2619 Drak.
944 2571 975 2617 ad
986 2573 1114 2629 XXXIII,
1123 2577 1156 2624 44
1164 2586 1171 2629 ;
1180 2568 1258 2617 Periz.

746 2652 828 2699 Anim.
839 2651 895 2699 hist.
907 2667 960 2714 cap.
977 2658 1007 2708 4,
1022 2667 1048 2714 p.
1062 2649 1117 2696 163.
1139 2649 1259 2696 Caeterum

747 2732 784 2778 tt.
795 2730 920 2778 AEmilium
937 2730 1059 2793 Regillum
1083 2727 1164 2793 (conf.
1177 2743 1198 2774 c.
1214 2727 1260 2785 33,

746 2821 771 2856 et
781 2796 897 2868 XXVII,
915 2806 963 2872 33)
977 2824 1028 2855 non
1042 2807 1115 2854 alium
1130 2806 1204 2853 fuisse
1216 2821 1259 2870 pu-

746 2888 813 2936 tabat
829 2889 912 2951 Sigon.
924 2903 995 2951 quam
1008 2903 1062 2932 enm
1071 2882 1127 2944 {de
1140 2900 1190 2948 quo
1202 2883 1259 2930 vide

746 2969 844 3026 XXIV,
854 2983 911 3029 7·9,
925 2977 950 3014 et
961 2967 1065 3023 XXIX,
1086 2980 1124 3011 11.
1144 2965 1216 3013 Conf.
1228 2962 1260 3009 nd

748 3048 861 3104 XXVII,
876 3047 921 3103 33,
933 3061 958 3091 n.
973 3053 996 3100 t.

784 3126 845 3172 Cer.
865 3127 898 3171 X.
917 3140 938 3170 1.
959 3125 986 3170 L.
1005 3121 1127 3168 Cornelius
1148 3121 1261 3168 Lentulus

749 3204 887 3263 Caudinus,
897 3218 948 3250 cos.
958 3218 998 3249 an.
1009 3201 1067 3247 515.
1077 3227 1109 3235 —
1120 3200 1262 3246 Consulente

750 3283 851 3347 collegio
863 3294 1007 3346 praetorum.
1023 3280 1100 3326 Notat
1117 3279 1187 3327 Creu.
1198 3277 1261 3325 hauc

751 3379 802 3410 esse
819 3364 881 3409 MSS
893 3361 1039 3416 lectionem,
1051 3368 1161 3406 testatam
1178 3368 1230 3404 tum
1248 3373 1261 3403 a

749 3441 893 3498 Grannum,
904 3451 956 3486 tum
966 3439 996 3486 ab
1006 3439 1062 3501 ipso
1073 3436 1158 3495 LivIo,
1173 3435 1217 3499 qui
1229 3447 1263 3483 ta·

748 3536 806 3567 men
813 3535 875 3575 eam,
883 3517 1007 3580 quomodo
1015 3533 1080 3562 nunc
1088 3515 1178 3573 editur,
1184 3515 1263 3562 muta·

749 3597 786 3646 vit
799 3598 847 3644 ita:
858 3596 995 3642 consulente
1009 3593 1136 3658 collegium
1144 3604 1262 3656 praetore.

750 3675 799 3724 Sed
810 3675 884 3722 nobis
894 3674 946 3720 haec
954 3673 1058 3721 mutatio
1069 3671 1203 3720 necessaria
1212 3671 1264 3718 visa

750 3771 803 3802 non
813 3765 857 3800 est.
867 3753 984 3814 Quamvis
995 3753 1060 3799 enim
1071 3753 1108 3798 M.
1113 3749 1211 3797 AEmilio
1220 3765 1265 3812 po·

750 3834 869 3881 tissimum
884 3832 937 3879 haec
953 3847 1010 3878 cura
1026 3828 1169 3878 demandata
1186 3839 1264 3887 esset,

751 3913 812 3960 nihil
827 3924 907 3960 tamen
919 3922 984 3958 vetat
999 3909 1110 3967 credere,
1127 3924 1181 3954 eum
1198 3924 1264 3955 com·

749 3992 819 4039 muni
835 4007 890 4038 cum
907 3990 1007 4052 collegis
1017 3987 1123 4035 consilio
1136 3999 1216 4036 totum
1225 4004 1266 4034 ue·

749 4069 1041 4135 gotium-administrasse.
1053 4067 1098 4113 En.
