2782 4568
392 320 463 417 ¹na
487 315 739 386 rnansuu
765 316 967 399 inmun.
1091 353 1097 365 a
1146 308 1216 396 aas

157 442 277 527 Eyguae
293 435 432 501 brachiis
454 435 680 523 Rhodanoque
703 435 828 498 inclusa
850 435 972 521 placet3
991 455 1028 496 ea
1049 434 1136 507 enim
1158 436 1217 497 tria

150 542 281 605 diversa
302 541 373 602 loca
391 539 495 601 multo
520 539 593 626 plus
618 553 676 601 aut
698 536 806 600 minus
830 534 870 622 75
895 535 1038 598 millibus
1060 534 1180 599 absunt
1201 558 1217 598 a

157 631 388 729 Rupe-Maura.

200 743 258 804 Est
280 741 375 803 etiam
399 740 459 802 alia
480 761 592 820 causa,
611 761 670 802 cur
688 739 831 802 Insulam
850 739 884 801 in
906 740 1000 802 lsarae
1019 755 1051 802 et
1069 739 1217 803 Rhodani

158 839 342 905 confluente
351 840 488 928 positam
501 839 689 904 credamus:
705 862 775 927 quae
787 838 873 902 enim
888 829 929 904 de
944 854 1058 903 natura
1070 839 1217 904 locorum

159 959 265 1006 narrat
287 942 464 1031 Polybius,
486 942 589 1005 cuivis
613 940 667 1005 alii
688 942 813 1030 regioni
835 940 970 1005 minime
990 942 1219 1023 convenirent3

158 1046 295 1126 scilicet,
318 1045 395 1108 hinc
409 1043 623 1119 Rhodanum,
639 1042 716 1106 inde
738 1046 860 1138 ¹Isaram
877 1043 944 1108 duo
967 1045 1066 1108 latera
1086 1059 1219 1132 praeter-

159 1145 293 1210 fluentes
317 1169 387 1210 eam
411 1146 531 1209 sensim
558 1160 751 1232 angustare,
775 1144 880 1208 donec
903 1144 938 1207 in
961 1167 1027 1231 quo
1049 1142 1220 1208 confluunt

157 1249 248 1329 loco,
265 1262 477 1337 procurrente
495 1247 604 1335 lingua
622 1246 834 1312 terminetur:
854 1259 1004 1309 caeterum
1019 1243 1122 1334 ligura
1137 1246 1222 1308 simi·

157 1350 221 1412 lem
242 1371 310 1412 esse
328 1347 407 1418 huic
427 1346 560 1435 AEgypti
581 1347 683 1433 parti,
705 1369 802 1434 quam
820 1345 918 1409 Delta
932 1361 1141 1432 nuncupant,
1158 1347 1220 1410 nisi

158 1449 248 1536 quod
264 1449 477 1541 unum-istius
494 1448 579 1511 latus
598 1469 685 1510 mare
704 1463 738 1510 et
756 1445 929 1510 fluviorum
950 1447 1031 1510 ostia
1048 1445 1218 1510 claudant:

156 1551 242 1614 illius
264 1566 372 1614 autem
393 1565 521 1613 montes
543 1572 675 1612 accessu
697 1546 865 1629 difficiles,
888 1562 920 1610 et
943 1546 984 1611 ad
1005 1570 1086 1634 quos
1111 1548 1220 1611 nullus

158 1653 259 1716 ferme
272 1652 377 1715 aditus
392 1667 501 1738 patet:
521 1674 591 1714 eam
607 1649 750 1731 demum,
767 1666 799 1713 et
818 1649 935 1713 incolis
947 1650 1168 1736 frequentem,
1188 1665 1220 1712 et

156 1751 314 1815 frumenti
327 1753 465 1816 feracem
478 1750 641 1814 celebrari.

202 1853 279 1915 Haec
295 1851 487 1915 memorarit
502 1850 677 1938 Polybius:
694 1873 755 1914 nec
770 1851 900 1924 credere
914 1852 1001 1940 piget
1017 1852 1155 1915 nimium
1169 1853 1221 1914 in-

158 1952 288 2016 sudasse
312 1953 524 2016 clarissimum
542 1951 661 2031 Delus,
685 1966 723 2014 ut
744 1952 957 2041 Allobrogum
984 1953 1125 2016 Insulam
1147 1953 1224 2018 huic

158 2054 348 2142 AEgyptiaco
362 2054 459 2117 Delta
471 2052 666 2117 simillimam
680 2050 780 2141 ligura
792 2051 1038 2117 demonstraret.
1049 2053 1124 2118 Non
1135 2054 1223 2117 enim

159 2157 221 2218 hoc
236 2156 297 2219 sibi
311 2172 524 2244 proposuerat
539 2154 717 2242 Polybius:
738 2174 846 2241 neque
866 2155 1037 2217 verisimile
1057 2171 1124 2236 est,
1156 2178 1223 2242 quo

157 2274 303 2345 tempore
326 2258 628 2321 mathematicorum
641 2255 769 2320 ¹aurilio
786 2255 935 2319 nondum
952 2256 1130 2319 invaluerat
1149 2280 1223 2344 geo-

158 2359 308 2445 graphia,
322 2359 350 2422 ei
363 2350 473 2422 omnia
486 2355 643 2439 adfuisse,
655 2356 743 2420 unde
753 2355 833 2420 illud
843 2355 1014 2444 diligenter
1023 2372 1222 2445 supputaret.

158 2460 244 2546 Ergo
261 2482 328 2522 non
347 2459 541 2524 adamussim
557 2458 714 2547 exigenda
729 2458 941 2545 comparatio,
959 2479 1056 2544 quam
1071 2481 1131 2522 nos
1144 2481 1224 2545 quo·

159 2583 223 2646 que
239 2576 277 2622 ut
292 2561 502 2646 recipiamus,
519 2560 595 2624 satis
608 2577 657 2624 est
670 2562 779 2624 omnia
793 2560 834 2625 dc
849 2576 963 2624 natura
977 2561 1039 2624 loci
1054 2583 1074 2623 a
1086 2560 1223 2648 Polybio

159 2675 302 2736 narrata,
318 2660 396 2723 huic
412 2675 525 2723 nostro
539 2661 730 2742 convenire,
745 2685 851 2749 neque
865 2663 921 2726 ulli
935 2662 989 2725 alii
1003 2685 1103 2750 quem
1114 2663 1224 2727 hacte-

159 2782 220 2823 nus
235 2759 396 2823 Hannibal
409 2760 634 2848 peragraverit.

202 2863 299 2925 Nunc
313 2860 446 2948 quidem
461 2883 565 2948 quum
583 2861 794 2949 Allobrogum
811 2863 954 2927 Insulam
968 2889 986 2927 a
1000 2866 1223 2953 Rupe-Maura

160 2962 200 3049 75
224 2962 351 3026 circiter
366 2963 463 3026 millia
482 2962 639 3043 abfuisse,
658 2963 859 3026 desinentem
874 2965 908 3026 in
926 2980 1058 3028 acutum
1077 2989 1116 3029 eo
1132 2966 1224 3047 loeo,

160 3064 216 3127 uhi
228 3063 407 3127 Rhodanus
419 3079 451 3126 et
464 3064 550 3126 Isara
563 3062 750 3146 confluunt,
765 3080 798 3127 et
810 3087 849 3127 eo
864 3065 1077 3129 Hannibalem
1089 3065 1224 3130 adverso

159 3188 254 3228 amne
265 3167 448 3254 profectum
461 3165 583 3252 quartis
595 3165 705 3229 castris
718 3165 902 3254 pervenisse
916 3183 1059 3248 constat,
1074 3167 1156 3230 nihil
1168 3169 1226 3231 im-

159 3266 337 3354 pedimenti
359 3267 529 3353 hucusque
551 3283 718 3354 superest3
737 3283 769 3354 at
793 3266 833 3330 de
855 3267 982 3355 reliquo
1000 3268 1115 3332 itinere
1131 3269 1225 3333 variae

160 3385 237 3431 sunt
259 3368 445 3449 sententiaa,
465 3389 573 3455 neque
594 3368 808 3432 hinc‘verum
831 3368 924 3432 facile
948 3368 1020 3456 quis
1046 3369 1224 3458 exprimere

162 3482 275 3554 possit

204 3571 285 3633 Duae
305 3587 382 3633 sunt
394 3574 562 3660 praeoipuae
576 3572 746 3660 opiniones
762 3573 979 3638 recentiorum
994 3573 1035 3637 de
1048 3575 1114 3656 via,
1128 3590 1224 3663 quam

162 3673 267 3735 statim
289 3695 307 3734 a
326 3672 486 3736 Rhodano
504 3674 666 3737 Hannibal
682 3689 840 3761 sequutus
861 3689 934 3737 est:
955 3689 987 3737 et
1002 3689 1141 3762 utraque
1157 3692 1225 3739 arte

162 3775 229 3862 pari
249 3772 460 3860 doctrinaque
477 3774 608 3838 defensa
624 3775 769 3837 animum
782 3773 955 3854 judicantis
970 3774 1004 3838 in
1021 3774 1144 3839 diversa
1158 3793 1224 3840 tra-

163 3875 262 3953 hunt,
280 3890 539 3961 §impensamque
554 3875 720 3939 distineat.
738 3876 799 3939 Alii
813 3898 915 3962 quum
929 3876 1068 3963 plurima
1084 3877 1119 3939 in
1133 3877 1224 3943 Livio

164 3996 277 4062 parum
309 3999 385 4038 vero
411 3975 525 4039 similia
549 3978 733 4057 inveniant,
761 3991 937 4070 gentesque
963 3993 995 4040 et
1019 3977 1089 4042 loca
1105 3993 1226 4043 temere
