2782 4568
390 299 988 396 ΒΒΒΒΒΒΧΒΙΒΒΒΒΒΒ
1162 293 1228 391 159

164 425 344 495 Mercurio
361 448 401 493 ac
409 383 550 493 Cereri.
568 425 660 490 Tum
677 417 768 488 aedes
790 432 892 487 votae.
914 418 1046 487 Veneri
1067 420 1227 512 Eryciu'ae

164 534 338 624 aedemQ.
355 530 485 604 Fabius
503 532 681 602 Maximus
698 529 854 598 dictator
870 527 984 596 vovit·
977 528 1093 623 ,quia
1115 529 1163 597 ita
1185 554 1228 598 ex

163 642 330 713 fatalibus
345 641 445 711 libris
460 641 597 711 editum
613 653 708 724 erat,
723 652 763 708 ut
777 639 807 708 is
820 650 985 723 voveret,
1001 637 1103 730 cujus
1118 640 1228 706 maxi-

163 776 264 821 mum
278 752 471 848 imperium
486 752 523 818 in
536 751 677 820 civitate
690 762 792 818 esset.
806 748 920 817 Menti
931 744 1041 843 aedern
1051 756 1081 787 ¹²
1095 752 1134 816 T.
1147 752 1230 817 Ota'-

163 860 264 930 cilius
282 875 415 957 praetor
433 861 540 930 vovit.

210 977 271 1043 XI.
289 977 344 1041 Ita
360 971 469 1042 rebus
493 971 622 1040 divinis
640 970 812 1065 peractis,
837 983 914 1037 tum
932 966 977 1037 de
996 966 1093 1038 bello
1113 986 1226 1064 reque

162 1080 208 1151 de
225 1079 371 1178 publica
387 1079 541 1150 dictator
557 1080 696 1162 retulit,
716 1077 849 1175 quibus
870 1092 1006 1174 quotve
1025 1077 1227 1177 legionibus

162 1190 288 1260 victori
307 1189 404 1260 hosti
426 1189 570 1260 obviam
595 1189 755 1260 eundum
781 1213 856 1259 esse
881 1193 1003 1258 Patres
1025 1203 1225 1259 censerent.
1313 1219 1316 1223 ·

161 1304 376 1388 Decretum,
396 1318 434 1370 ut
448 1301 497 1370 ab
516 1303 575 1371 Cn.
594 1299 741 1370 Servilio
760 1298 903 1370 consule
922 1304 1119 1368 exercitum
1135 1304 1227 1369 acci·

124 1395 127 1400 ¹
154 1427 288 1506 peret:
309 1411 660 1509 scribererpraeterea
679 1435 726 1480 ex
745 1407 880 1480 cz’rr'bus
896 1412 1092 1504 sociisque,
1109 1433 1227 1504 quan-

160 1536 237 1591 tum
251 1527 410 1618 equitum
424 1546 469 1590 ac
474 1523 641 1616 peditum
654 1521 859 1590 videretur.-
876 1535 1003 1590 coetera
1013 1525 1134 1591 omnia
1147 1543 1226 1615 oge-

159 1645 214 1700 νει
227 1634 459 1728 faceretque,
481 1648 523 1702 ut
544 1657 562 1701 e
580 1629 766 1729 republica
786 1629 965 1700 duceret¹.
985 1628 1114 1701 Fabius
1137 1631 1225 1700 duas

159 1766 197 1813 se
207 1741 365 1838 legiones
375 1743 599 1836 adjectorum
610 1743 654 1812 ad
664 1743 903 1813 Servilianum
916 1742 1113 1831 exercitum
1124 1741 1222 1811 dixit.

160 1853 238 1937 His,
263 1876 331 1948 per
348 1854 556 1948 magistrum
575 1855 737 1949 equitum
759 1853 916 1950 scriptis,
935 1851 1047 1922 Tibur
1067 1851 1162 1922 diem
1181 1853 1226 1922 ad

160 1962 451 2032 conveniendum
464 1964 593 2033 edixit:
606 1963 798 2060 edictoque
808 1965 1012 2061 proposito,
1024 1977 1079 2048 ut,
1092 1963 1226 2059 quibus

160 2071 293 2168 oppida
311 2073 527 2169 castellaque
550 2075 740 2142 immunita
760 2088 896 2160 essent,
916 2074 969 2143 uti
990 2075 1028 2142 in
1050 2073 1129 2142 loca
1146 2085 1225 2140 tuta

161 2184 479 2280 commigrarent&
500 2210 544 2254 ex
562 2187 654 2281 agris
671 2209 819 2281 quoque
838 2183 1081 2279 demigrarent
1098 2206 1224 2263 omnes

159 2294 315 2390 regionis
334 2295 429 2388 ejus,
447 2321 518 2392 qua
536 2297 653 2366 iturus
671 2294 850 2365 Hannibal
871 2310 981 2382 esset,
1000 2295 1104 2364 tectis
1124 2295 1224 2390 prius

159 2401 324 2491 incensis,
338 2429 377 2474 ac
389 2404 553 2502 frugibus
561 2407 751 2502 corruptis,
762 2431 809 2475 ne
822 2406 924 2500 cujus
936 2407 988 2474 rei
1001 2406 1105 2501 copia
1114 2420 1222 2475 esset:

159 2511 258 2606 ipse,
278 2514 335 2582 via
359 2512 550 2584 Flaminia3
573 2514 758 2612 profectus
787 2515 930 2586 obviam
956 2515 1098 2585 consuli
1123 2541 1224 2585 exer·

160 2621 336 2718 cituique,
362 2648 475 2719 quum
497 2625 542 2695 ad
559 2625 716 2719 Tiberim
736 2627 828 2695 circa
846 2626 1053 2696 Ocriculum
1071 2650 1224 2723 prospe·

159 2731 268 2801 xisset
298 2757 450 2829 agmen,
478 2734 738 2830 consulemque
772 2761 854 2806 curn
887 2736 1069 2833 equitibus
1105 2736 1150 2806 ad
1186 2762 1223 2805 se

198 2964 238 2995 ια.
249 2951 452 3013 VeneriEryeinoe
461 2964 485 2999 et
494 2953 572 3000 Menti
578 2954 669 3010 erdem;
714 2971 787 3017 quum
794 2957 919 3012 XXVIII,
929 2963 974 3012 40,
983 2972 1008 3001 n.
1017 2971 1038 3000 r.
1045 2957 1093 3001 Pro
1101 2955 1138 3000 uti
1144 2957 1223 3003 Gron.

158 3027 216 3075 vide
227 3027 259 3074 ad
270 3044 323 3092 cap.
338 3044 366 3090 9,
384 3046 408 3076 n.
420 3029 444 3080 8.
461 3057 494 3067 —-
512 3033 537 3077 Τ.
551 3031 669 3079 Otacilius
713 3033 816 3080 malebat
831 3045 859 3080 ut
870 3033 897 3079 lii
907 3034 947 3080 vel
959 3034 977 3080 ii
988 3033 1015 3081 b.
1029 3033 1044 3079 l.
1060 3045 1084 3080 et
1095 3035 1222 3090 XXXVI,

157 3107 258 3154 Crassus
267 3109 456 3170 procurrerit,
470 3111 501 3156 of.
512 3113 613 3168 XXIII,
626 3112 667 3159 31.
714 3112 737 3156 3.
748 3112 798 3158 Alii
808 3122 865 3175 post
876 3128 973 3175 quoque
982 3123 1079 3175 ponunt
1091 3112 1134 3157 uti.

193 3189 345 3236 Cer.XI.1.
358 3190 544 3252 Uterepublica
556 3191 668 3247 duceret,·
699 3221 703 3227 ι
749 3191 772 3237 3.
786 3191 832 3236 Via
842 3188 977 3247 Flaminia,
993 3190 1226 3253 omniumantiquis·

160 3264 215 3312 vide
224 3264 257 3313 ad
271 3267 420 3324 v1‚22,n.
435 3284 464 3326 2,
479 3279 503 3316 et
515 3271 606 3327 XXII,
622 3272 667 3332 39,
713 3269 786 3327 sima,
807 3273 884 3317 Roma
904 3285 950 3333 per
970 3269 1090 3317 Etruriam
1111 3269 1224 3316 Arimino

80 3386 82 3388 ,
158 3359 183 3389 n.
197 3358 220 3390 1.
238 3371 274 3380 -·
294 3347 363 3391 Duas
379 3361 405 3392 se
422 3345 537 3410 legiones,
559 3360 604 3396 etc.
626 3349 670 3396 secl
713 3360 783 3395 tenus
801 3366 814 3395 a
829 3350 856 3398 C.
873 3348 992 3394 Flaminio
1010 3349 1107 3412 Nepote
1124 3343 1226 3394 censori

159 3430 264 3484 quintum·
282 3439 360 3470 novas
379 3437 496 3472 memorat
513 3427 601 3489 Polyb.
617 3430 667 3487 III,
713 3444 777 3475 anno
787 3429 837 3483 534
847 3428 920 3475 ducta
932 3426 999 3492 (vide
1007 3429 1111 3484 XXIII,
1129 3425 1189 3491 23),
1200 3439 1224 3474 et

160 3502 202 3547 88.
215 3529 249 3537 -
272 3503 346 3549 Tibur
360 3503 424 3550 diem
435 3504 472 3550 ad
482 3506 668 3553 conveniendum
712 3509 742 3554 ab
760 3509 873 3570 Augusto
891 3507 983 3553 munita
1003 3505 1076 3570 (vide
1089 3509 1155 3554 Suet.
1171 3522 1223 3570 cup.

158 3578 251 3636 edr'xin
265 3583 350 3629 confer
360 3583 391 3629 ad
400 3599 454 3646 cap.
471 3598 500 3629 12
509 3617 516 3642 ,
525 3600 549 3629 n.
565 3600 586 3630 1.
714 3586 770 3650 38),
782 3586 876 3633 diversa
888 3587 918 3633 ab
928 3603 968 3645 ea,
980 3602 1051 3648 quom
1057 3586 1084 3633 C.
1092 3585 1223 3631 Flaminius

194 3673 218 3706 Β.
235 3662 279 3716 Ue,
299 3662 384 3725 quibus
402 3662 492 3725 oppida
507 3679 529 3710 c.
546 3663 563 3711 ι’.
579 3675 667 3719 essent,
714 3665 800 3712 consul
809 3682 873 3713 anno
889 3665 938 3713 5¹65
954 3682 968 3712 a
984 3666 1096 3712 bononia
1108 3664 1224 3728 perduxit

159 3735 197 3782 uei
205 3739 393 3803 commigrarent
404 3758 414 3787 :
432 3741 467 3787 sic
483 3743 572 3805 passim
586 3755 614 3790 ut
625 3744 670 3790 ite·
714 3745 853 3802 Arretium,
864 3745 920 3792 ride
932 3745 963 3792 ad
974 3747 1103 3800 XXXIX,
1118 3761 1147 3803 2,
1161 3762 1186 3792 n.
1197 3753 1223 3799 4.

159 3824 241 3871 ratur,
265 3816 322 3863 vide
343 3835 396 3883 cap.
411 3822 540 3879 XXVIII,
558 3838 587 3883 9,
601 3839 626 3868 n
641 3837 670 3883 73
715 3824 793 3870 Strab.
801 3825 833 3881 V,
849 3839 871 3881 1,
887 3840 911 3870 n
927 3838 967 3879 11,
980 3839 1035 3886 pag.
1051 3839 1110 3882 217,
1122 3825 1152 3870 al.
1161 3825 1225 3880 333,

160 3893 282 3951 XXXIV,
295 3896 341 3954 56,
353 3913 378 3942 n.
391 3898 420 3954 53
433 3900 561 3958 XXXVI,
575 3917 600 3956 1,
609 3902 668 3958 η3;
712 3901 1145 3950 buncfacitructoremalteriusviae.
1151 3904 1224 3952 Conl

123 3972 286 4031 XXXVI,
301 3976 401 4033 Sextr„
413 3978 566 4037 XXXVIII,
582 3981 627 4037 38,
644 3997 668 4026 n.
713 3981 849 4044 Bergrerius
861 3979 925 4026 de
902 3997 948 4027 vus
957 3983 1029 4027 Rom
1037 3981 1105 4045 publ.
1116 3984 1167 4038 III,
1178 3997 1224 4037 21,

163 4050 208 4106 133
227 4053 311 4110 XLII,
326 4071 376 4112 21,
397 4073 445 4116 22,
465 4059 514 4116 28,
534 4060 580 4118 3ο,
601 4060 670 4106 etsie
714 4059 779 4106 nuk.
792 4059 823 4105 ad
837 4059 902 4122 Epit.
912 4059 965 4106 Liv
974 4061 1081 4107 XX.-
1097 4060 1225 4107 Creverius
