2782 4568
203 335 271 408 332
621 340 660 406 r.
693 340 831 406 mvn
898 347 900 352 ⁴
1115 319 1243 435 Ιῑὲῐέἑζῖ

200 457 297 528 unde
305 459 411 552 Mago
418 453 528 526 frater
536 456 745 528 Hannibalis
758 456 950 529 duodecim
964 458 1073 528 millia
1084 461 1267 557 peditum,

201 581 239 637 et
254 566 352 637 mille
370 567 588 662 quingentos
603 569 760 664 equites,
773 569 898 664 viginti
916 569 1144 665 elephantos,
1165 573 1267 642 mille

203 679 341 772 argenti
356 676 490 748 talenta
503 679 541 746 in
554 678 691 748 ltaliam
708 679 978 749 transmissurus
993 695 1068 749 erat
1082 706 1163 750 cum
1181 707 1268 778 prae·

200 786 291 858 sidio
305 790 487 882 sexaginta
501 790 645 859 navium
663 790 868 887 longarum,
882 791 1032 859 nuntius
1047 789 1212 878 affertur,
1227 792 1267 860 in

200 898 370 995 Hispania
383 922 459 968 rem
475 899 568 969 male
584 915 737 996 gestam,
753 924 953 994 omnesque
968 897 1079 970 ferme
1092 901 1170 996 ejus
1184 924 1267 997 pro

200 997 325 1080 vincire
335 1009 492 1106 populos
502 1009 546 1080 ad
556 1015 738 1081 Romanos
747 1009 930 1081 defecisse.
943 1015 1065 1097 Erant,
1075 1013 1138 1106 qni
1149 1015 1268 1107 Mago

201 1145 283 1189 nem
297 1120 501 1191 cumulasse
516 1145 558 1191 ea
572 1121 776 1218 copiisque,
792 1122 922 1191 omissa
936 1121 1036 1190 Italia
1048 1124 1075 1207 l,
1089 1122 1128 1189 in
1141 1123 1267 1218 Hispa·

200 1231 298 1299 niam
309 1243 531 1315 averterent,
545 1255 659 1326 quum
670 1231 840 1301 Sardiniae
851 1230 1066 1326 recipienda.
1077 1231 1268 1326 repentina

118 1407 121 1414 .
201 1364 281 1436 spes
296 1336 450 1410 adfulsit.
466 1346 616 1413 Paruum
633 1341 685 1411 ibi
696 1348 883 1410 exercitum
901 1365 1081 1409 romanum
1095 1366 1165 1409 esse
1180 1367 1190 1408 :
1207 1362 1268 1408 ve·

201 1468 302 1520 terem
310 1465 495 1545 praetorem
508 1450 605 1536 inde,
622 1456 668 1522 A.
680 1454 893 1535 Cornelium,
905 1458 1099 1546 provinciae
1110 1452 1268 1546 peritum

200 1562 378 1658 decedere,
391 1588 516 1634 aarum
529 1571 733 1660 exspectari.
748 1562 815 1633 Ad
824 1564 905 1648 boc,
913 1564 1034 1652 fessos
1040 1563 1119 1655 jam
1133 1567 1269 1629 anicios

201 1672 392 1744 Sardorum
407 1699 477 1744 esse
491 1673 717 1744 diuturnitate
730 1681 862 1770 imperii
866 1702 878 1760 ,·
894 1690 929 1742 et
928 1679 1101 1787 proximo
1117 1678 1157 1740 iis
1173 1694 1269 1739 auno

201 1782 324 1851 acerbe
337 1798 442 1876 atque
455 1808 562 1853 arare
575 1790 785 1879 imperatum
798 1811 809 1851 .·
821 1789 925 1879 gravi
939 1782 1064 1852 tributo
1073 1777 1098 1865 ⁵,
1111 1797 1144 1850 et
1155 1779 1268 1850 colla-

201 1893 295 1960 tione
303 1896 425 1988 miquo
426 1893 752 1988 frumentipressos
766 1891 882 1962 :nibil
890 1892 1011 1962 deesse
1025 1890 1144 1975 aliud,
1159 1915 1271 1983 quam

202 2014 402 2085 auctorem,
414 2003 575 2100 adquam
583 2003 783 2099 deficerent.
796 2009 878 2072 Haec
888 1998 1125 2072 clandestina6
1139 2000 1272 2096 legatio

202 2131 269 2204 per
284 2109 466 2208 principes
485 2113 592 2181 missa
615 2127 710 2195 erat3
729 2113 883 2179 maxime
903 2135 980 2181 eam
1000 2135 1076 2178 rem
1096 2109 1273 2180 moliente

206 2221 456 2316 Hampsicora,
473 2222 537 2315 qui
554 2236 631 2289 tum
650 2220 862 2288 auctoritate
882 2233 991 2312 atque
1013 2216 1143 2314 opibus
1161 2217 1272 2314 louge
1353 2249 1356 2255 ·

204 2330 342 2424 primus
363 2346 450 2401 erat.
471 2331 534 2400 His
559 2330 697 2399 nuntiis
718 2352 833 2424 prope
856 2352 931 2397 uuo
952 2343 1117 2423 tempore
1136 2325 1275 2396 turbati

205 2440 388 2535 erectique
410 2444 603 2537 Magonem
625 2463 708 2508 cum
728 2439 838 2508 classe
860 2463 923 2506 sua
942 2438 1127 2532 copiisque
1148 2437 1185 2503 in
1208 2434 1274 2504 Hi·

206 2550 367 2643 spaniam
381 2550 547 2620 mittunt:
562 2551 601 2619 in
617 2548 818 2619 Sardiniam
831 2546 1091 2616 Hasdrubalem
1108 2545 1274 2639 deligunt

206 2655 335 2727 ducem
352 2685 361 2745 ;
375 2673 410 2728 et
424 2673 564 2728 tantum
578 2657 690 2729 ferme
703 2660 904 2754 copiarum,
919 2659 1096 2752 quantum
1111 2655 1272 2751 Magoni,

207 2764 418 2839 decernunt.
438 2773 481 2839 Et
499 2773 621 2840 Romae
638 2768 826 2855 consuleS,
841 2769 1027 2837 transactis
1044 2765 1176 2849 rebus,
1192 2789 1274 2859 quae

207 2878 244 2946 in
257 2876 357 2948 Urbe
372 2878 517 2974 agendae
536 2894 657 2968 erant,
670 2876 874 2973 movebant
879 2878 951 2969 jam
967 2900 1042 2944 sese
1062 2873 1107 2943 ad
1122 2871 1272 2942 bellum.

206 3066 249 3132 (ut
262 3069 329 3133 apud
344 3071 421 3118 Cicer.
439 3071 469 3117 ad
487 3072 588 3118 Brutum
605 3071 682 3134 Epist.
700 3086 714 3116 a
761 3068 817 3114 dam
835 3067 988 3114 occasionem
1005 3063 1095 3112 Sardos
1110 3063 1141 3110 ad
1156 3061 1276 3109 delectio·

207 3146 268 3212 pn),
285 3148 431 3196 uadimonia
445 3148 523 3216 fiam]
537 3151 568 3197 cf.
587 3149 617 3196 ad
641 3152 717 3197 Juve-
761 3164 817 3194 nem
830 3146 970 3209 impellendi
979 3144 1209 3208 praebuisse,quam
1219 3156 1277 3204 cap.

188 3279 189 3282 Ἴ
206 3229 268 3275 nalis
282 3230 331 3276 Sat.
342 3231 392 3287 111,
406 3231 454 3290 298
464 3265 470 3288 ,
481 3241 505 3277 et
514 3230 609 3277 Ernesti
618 3228 717 3278 Clavem
765 3229 797 3281 34
808 3237 832 3272 et
844 3234 876 3281 40
889 3236 1013 3272 memorat.
1025 3247 1037 3263 »
1051 3222 1116 3269 nuk.

208 3306 401 3356 Ciceronianam.
442 3324 446 3330 ·
797 3307 823 3352 6.
842 3307 901 3350 Haec
919 3302 1072 3351 clandestina
1092 3299 1198 3364 legatio,
1212 3314 1277 3346 nun·-

243 3393 267 3439 4.
281 3388 376 3433 Omissa
386 3387 463 3434 Italia
477 3385 487 3451 (
494 3386 548 3434 vide
560 3387 591 3433 ad
604 3389 656 3442 ΙΙΙ,
670 3387 717 3443 46,
763 3383 825 3444 tius,
843 3399 890 3446 per
904 3382 1026 3452 principes
1047 3379 1178 3427 Sardorum
1200 3377 1275 3424 missa

208 3481 233 3510 n.
248 3463 287 3526 7),
302 3465 326 3511 in
341 3465 487 3528 Hispaniam
501 3476 648 3520 auerterent,
666 3467 720 3511 mit·
763 3475 818 3508 erat
831 3461 1009 3524 Carthaginem.
1023 3487 1058 3494 -
1070 3458 1233 3521 Hampsicora
1252 3466 1277 3503 et

208 3537 718 3607 tendum,ablegandumcenserent.Conf.
764 3541 910 3603 Ampsicora
933 3540 1020 3602 optimi
1043 3541 1113 3586 MSS·
1140 3535 1277 3583 Harsicora

208 3621 239 3669 ad
251 3624 301 3680 111,
314 3639 356 3681 ar,
371 3640 396 3671 n.
409 3625 431 3671 3.
766 3619 821 3666 edd.
832 3629 892 3667 antt.
905 3621 1089 3681 Hampsagoras
1098 3615 1164 3680 apud
1176 3615 1276 3672 Silium,

247 3702 270 3748 5.
289 3702 366 3749 Gravi
383 3703 487 3759 tributo,
508 3714 554 3750 etc.
573 3702 719 3750 «Cornelio
764 3701 828 3755 ΧΠ,
845 3698 903 3752 345.
924 3697 1070 3761 Ampsigura
1090 3695 1206 3758 punicum
1225 3708 1278 3739 mu·

210 3780 288 3826 socias
310 3782 420 3829 civitates
444 3782 470 3828 in
490 3781 599 3829 Sardinia
621 3781 721 3845 benigne
765 3777 831 3824 lieris
843 3792 932 3823 nomen
946 3775 1012 3838 apud
1026 3776 1105 3824 Plaut.
1121 3772 1227 3828 ruent,
1245 3786 1277 3828 a,

210 3859 349 3917 contulisse,
361 3878 414 3924 cap.
423 3877 453 3908 αι
463 3861 556 3910 scribit.
565 3861 622 3908 Non
632 3861 722 3923 impro·
770 3857 817 3904 105
828 3873 865 3919 sq.
879 3857 1015 3917 Utrumque
1026 3855 1089 3901 forte
1101 3852 1234 3899 deductum
1246 3848 1277 3897 ab

210 3936 291 3984 habile
309 3951 360 3998 est,
379 3941 515 3988 simulatam
534 3940 723 4003 benignitatem,
767 3936 889 3998 Ampsaga
900 3933 965 3980 flam.
978 3933 1082 3990 Africam
1093 3932 1203 3978 Gronov.
1213 3930 1280 3976 Mox

210 4015 251 4062 rel
273 4028 337 4064 certe
360 4034 456 4080 gravem
476 4020 543 4066 illam
567 4017 723 4066 collationem
768 4014 824 4061 edd.
840 4024 895 4060 ante
910 4011 1049 4069 Drakenb,
1063 4026 1113 4057 non
1126 4009 1204 4066 MSS,
1219 4019 1279 4072 post

212 4092 295 4148 Sardis
309 4095 398 4154 basae,
412 4107 437 4143 et
451 4097 606 4164 principibus
625 4095 724 4161 quibus·
768 4093 947 4143 Hasdrubalem
966 4093 1076 4143 inserunt
1094 4088 1166 4138 verba
1187 4098 1280 4152 eogno-
