2782 4568
167 334 238 418 too
352 314 355 319 ’
589 329 628 395 t·
660 328 797 396 nvn
1080 306 1212 411 stat:

167 454 321 551 quisque
352 449 495 520 hostem
523 449 676 545 impigre
703 447 903 536 occiderat,
929 449 1085 546 primum
1114 453 1238 549 capite

166 587 257 661 aegre
276 563 371 632 inter
391 558 532 631 turbam
553 560 825 657 tumultumque
844 557 1064 632 abscidendo
1084 575 1236 658 tempus

165 672 305 747 terebat
320 698 328 741 ε
345 669 493 756 deinde,
512 685 685 766 occupata
702 669 826 741 dextra
840 670 1001 741 tenendo
1016 684 1145 767 caput,
1160 668 1236 740 sor·

166 785 322 856 tissimus
339 783 493 878 quisque
511 794 693 877 pugnator
709 805 785 852 esse
804 778 957 851 desierat
975 807 982 848 :
1001 779 1174 876 segnibus
1192 805 1234 852 ac

165 894 299 967 timidis
318 890 447 962 tradita
464 915 584 988 pugna
601 905 687 960 erat.
707 890 817 980 Quod
835 889 899 960 ubi
917 889 1233 962 tribunimilitum

167 1001 333 1076 Graccho
353 1000 630 1087 nuntiaverunt,
649 1007 825 1072 neminem
843 1016 997 1073 stantem
1006 1001 1089 1095 jam
1106 1001 1232 1071 vabre·

61 1192 66 1209 Ι
166 1119 244 1185 rari
255 1113 392 1183 hostem
400 1163 411 1196 ‚
423 1112 632 1212 carnificari
634 1111 815 1203 jacentes,
831 1127 864 1181 et
878 1115 913 1179 in
927 1109 1063 1181 dextris
1075 1109 1232 1181 militnm

158 1248 233 1321 pro
246 1222 382 1318 gladiis
398 1221 562 1292 huniana
577 1228 697 1319 capita
712 1246 788 1292 esse
801 1249 810 1290 :
824 1223 966 1318 signum
980 1220 1057 1291 dari
1072 1245 1230 1320 propere

163 1334 288 1430 jussit,
306 1331 522 1430 projicerent
546 1337 663 1430 capita
682 1332 956 1429 invaderentque
974 1331 1123 1401 hostem.
1144 1329 1231 1401 Cla·-

166 1470 247 1516 ram
259 1450 346 1514 satis
359 1459 395 1512 et
408 1450 578 1540 insignem
593 1449 761 1513 virtatem
776 1468 868 1514 esse:
884 1468 949 1512 nec
962 1441 1113 1512 dubiam
1127 1438 1232 1511 libet·

167 1572 277 1626 tatem
281 1557 454 1646 futuram
469 1558 619 1625 strenuis
632 1559 730 1624 viris.
747 1560 839 1624 Tum
853 1553 1094 1649 redintegrata
1108 1574 1232 1649 pugna

166 1680 239 1754 est,
253 1679 289 1736 et
308 1691 419 1762 eques
437 1667 544 1736 etiam
556 1667 594 1735 in
612 1665 753 1736 hostem
772 1665 921 1736 emissus
939 1691 946 1732 ε
963 1661 1098 1759 quibus
1114 1684 1231 1758 quum

166 1776 317 1875 impigre
332 1774 497 1869 Numidae
511 1778 795 1863 concurrissent,
810 1798 877 1846 nec
893 1775 1036 1871 segnior
1050 1776 1230 1869 equitum,

167 1909 276 1981 quam
293 1884 473 1982 peditum,
491 1911 610 1983 pugna
627 1901 737 1975 esset,
751 1887 883 1957 iterum
899 1886 936 1954 in
951 1882 1105 1954 dubium
1118 1884 1231 1956 addu-

166 2008 223 2065 cta
249 2019 314 2064 res.
341 1999 463 2085 Quum
487 1996 670 2091 utrimque
696 1995 824 2083 duces,
842 2001 1026 2069 Romanus
1049 1996 1232 2065 Bruttium

166 2107 448 2200 Lucanumque,
467 2107 573 2176 toties
587 2131 607 2176 a
621 2105 819 2201 majoribus
834 2107 905 2176 suis
919 2107 1031 2176 victos
1045 2104 1233 2176 subactos-

167 2239 258 2311 que;
272 2221 406 2286 Poenus
418 2217 596 2313 mancipia
610 2241 759 2287 romana
774 2232 868 2287 etex
884 2216 1063 2314 ergastulo
1079 2216 1232 2289 militem

166 2323 286 2394 verbis
295 2322 497 2396 obtereret³
503 2353 517 2419 5
531 2341 715 2423 postremo
728 2327 942 2424 pronuntiat
952 2325 1152 2416 Gracchus,
1164 2344 1235 2399 esse

166 2434 271 2522 nihil,
290 2437 392 2533 qnod
408 2436 454 2506 de
474 2436 637 2507 libertate
651 2453 853 2534 sperarent,
875 2442 943 2507 nisi
958 2461 1000 2507 eo
1015 2437 1076 2507 die
1077 2438 1166 2530 fusi
1167 2440 1233 2532 fa·

162 2551 314 2641 gratique
329 2549 443 2617 liostes
461 2563 577 2617 assent

214 2659 305 2724 XVI.
339 2660 389 2724 Ea
414 2655 560 2725 demum
582 2682 655 2727 vox
674 2659 724 2728 ita
749 2660 887 2729 animos
909 2658 1094 2746 accendit,
1120 2675 1235 2756 atque

165 2774 361 2831 renovato1
384 2762 539 2834 clamore
554 2820 563 2853 ,
581 2767 681 2837 velut
703 2767 761 2836 alii
784 2784 934 2863 repente
955 2767 1058 2855 facti,
1079 2773 1236 2840 tantari

166 2896 203 2943 se
226 2873 264 2942 in
283 2871 426 2945 hostem
444 2874 663 2965 intulerunt,
682 2891 724 2946 ut
741 2878 915 2948 ⁴sustineri
933 2878 1026 2948 ultra
1047 2902 1132 2950 non
1147 2904 1234 2977 pos-

166 2996 258 3052 sent.
276 2983 396 3052 Primo
412 2985 637 3083 antesignani
652 2991 866 3087 Poenorum,
884 2987 1016 3059 deinde
1034 2989 1136 3085 signa
1152 3000 1235 3086 per-

165 3205 287 3268 vulgatum
301 3221 385 3270 ornnes
400 3205 474 3253 codd.
486 3205 633 3264 defendunt,
644 3206 674 3253 il·
717 3206 779 3254 bitat
794 3222 857 3254 anne
870 3207 1000 3271 legendum
1012 3210 1044 3257 sit
1056 3212 1235 3275 occurrissent,

140 3327 142 3333 ,
164 3283 256 3346 ludque
266 3283 358 3332 dictum
368 3300 418 3330 esse
427 3295 497 3347 putat
506 3284 580 3332 Drak.
588 3284 673 3331 eodem
717 3285 785 3349 quod
799 3302 849 3334 non
865 3288 940 3335 modo
959 3305 984 3336 se
1001 3289 1028 3336 in
1045 3291 1163 3340 omnihus
1182 3295 1234 3343 suis

165 3361 241 3408 modo
258 3378 307 3425 qno
326 3363 391 3409 locus
406 3362 530 3419 seditioni,
545 3364 674 3411 munimen·
717 3365 838 3413 invenisse
856 3377 957 3414 testatur
970 3367 1129 3426 Gebhardus,
1146 3389 1236 3426 verum

165 3452 216 3488 tum
231 3441 351 3498 libertati,
369 3453 393 3488 et
411 3441 497 3488 similia
516 3458 569 3504 quae
585 3443 675 3506 passim
719 3446 791 3494 etiam
815 3447 947 3510 praeferunt
974 3450 1073 3503 Gaertm
1096 3465 1234 3517 omnesque

164 3531 305 3567 occurrunt.
313 3519 513 3566 Eos-Primum
524 3521 604 3583 capite
612 3538 676 3586 oegre
719 3524 776 3572 edd.
791 3538 847 3574 ante
860 3526 990 3584 Aldinam3
1004 3528 1115 3576 Andreas
1132 3548 1234 3597 quoque

213 3597 360 3646 abscidendo
384 3600 471 3662 optimi
493 3600 564 3647 MSS.
589 3601 675 3665 Capita
720 3615 744 3650 et
754 3605 899 3669 Campanus.
911 3607 942 3652 Et
953 3604 1006 3653 haec
1018 3607 1091 3655 lectio
1102 3609 1162 3658 clar.
1172 3613 1232 3660 Cre·

165 3677 329 3724 abscindendo
341 3676 546 3726 ostantentur.
562 3679 634 3726 Cont'.
645 3680 676 3727 ad
719 3684 787 3730 verio
802 3685 878 3748 magis
893 3685 993 3749 placuit.
1007 3682 1055 3732 En.

165 3757 194 3814 Ῑ,
207 3757 252 3814 53,
266 3773 290 3805 n.
304 3758 335 3816 3,
349 3767 373 3803 et
385 3757 485 3820 Iv,.19,
499 3775 524 3804 n.
537 3759 560 3806 5.
572 3787 607 3795 -
619 3759 676 3821 Qui·
756 3762 778 3809 3.
790 3763 872 3810 Verbis
884 3765 948 3821 obt.,·
958 3781 981 3813 v.
990 3766 1093 3826 XXIII,
1107 3769 1157 3827 43,
1168 3786 1196 3818 n.
1207 3773 1233 3819 6.

166 3832 208 3880 bus
219 3837 518 3896 qaum...coneurrissent.
529 3841 617 3885 Parum
630 3839 677 3886 usi·
755 3842 815 3890 Cae.
829 3844 899 3892 XVI.
918 3861 940 3890 1.
955 3846 995 3890 Ea
1010 3845 1105 3903 demum
1121 3865 1177 3896 vox
1193 3850 1234 3898 ira

167 3922 240 3958 tatam
250 3913 312 3960 hanc
321 3915 440 3978 loquendi
448 3917 558 3975 formam,
566 3930 589 3965 et
596 3930 676 3982 poetae
720 3920 814 3968 animos
824 3923 944 3970 accendit.
959 3926 1095 3980 Renovato,
1105 3938 1154 3974 eto.
1168 3928 1235 3977 bene

167 4005 239 4053 quam
258 3992 377 4041 historico
397 3996 472 4058 magis
489 3998 676 4045 convenientem
719 4001 784 4059 conj.
803 4002 879 4048 Gron.
897 4003 953 4066 quia
969 4003 996 4053 τὸ
1013 4015 1088 4067 atque
1104 4005 1234 4071 plerisque

160 4067 257 4130 judicat
266 4071 401 4132 Doujatius.
412 4075 492 4136 Quare
501 4075 623 4124 Drakenb.
635 4077 676 4124 du·
699 4127 705 4142 ,
719 4079 782 4127 MSS
791 4080 866 4128 abest.
876 4107 911 4118 --
918 4081 1000 4130 Primo
1009 4083 1171 4149 antesignani
1176 4089 1234 4135 1³oe-
