2782 4568
175 339 246 424 ast
454 405 458 417 ,
575 330 840 400 excussus

175 458 262 522 dices
275 454 498 522 decucurrisse
509 452 625 516 refert:
640 467 711 514 tum
722 471 793 537 cap.
806 447 865 529 50,
878 448 920 510 ab
933 448 1047 513 Insula
1059 447 1108 513 ad
1124 447 1266 511 easdem

176 559 307 646 Alpium
331 554 453 619 radices
478 544 541 618 8oo
566 551 667 617 stadia
692 565 865 615 numerat:
884 566 962 638 ergo
976 572 1000 613 a
1017 548 1265 638 Rupe-Maura

175 661 216 725 ad
231 662 340 724 locum
357 656 415 720 ubi
431 655 465 718 in
481 652 679 717 Rhodanum
696 654 782 716 Isara
798 651 954 732 infertur,
975 666 1141 715 sexcenta
1154 673 1267 739 prope

176 759 277 826 stadia
293 771 478 846 supersunt.

206 865 268 927 *De
284 861 388 924 Iscare
406 857 521 936 etiam,
542 871 599 918 aut
620 854 721 918 Scom
740 875 863 942 magnae
884 851 1123 919 controversiae
1139 851 1265 916 habitae

176 979 271 1043 sunt,
289 977 402 1026 utrum
424 959 489 1021 hoc
513 956 646 1021 nomine
672 956 813 1034 Isaram,
830 976 959 1036 annon,
978 953 1147 1041 Polybius
1172 953 1264 1019 desi·

176 1080 299 1154 gnam.
319 1061 419 1145 Quod
436 1081 555 1125 nomen
578 1058 681 1122 talea
701 1057 838 1144 Polybio
861 1055 1018 1141 scriptum
1037 1076 1142 1137 reor,
1162 1057 1263 1143 quale

176 1163 504 1254 ipsepronuutiatum
519 1159 617 1225 Gallis
630 1157 813 1238 audiverat,
826 1172 938 1246 postea
952 1158 1116 1221 Romanis
1134 1158 1171 1221 in
1187 1158 1261 1222 Isa-

175 1290 266 1345 ram,
284 1263 440 1330 mollioris
458 1263 530 1327 soni
545 1283 660 1343 causa,
680 1275 852 1324 mutatum.
873 1257 1078 1345 Spectandns
1101 1259 1260 1324 doctrina

176 1369 226 1432 vir
249 1367 300 1456 (lt
316 1363 449 1454 gine'ral
470 1361 631 1450 Melvills)
656 1384 692 1426 ea
718 1360 760 1424 de
780 1383 815 1424 re
843 1359 1038 1446 Polybium,
1066 1360 1257 1448 antiquitus

178 1467 465 1557 manuscriptum,
478 1465 512 1526 in
525 1462 671 1527 Vaticani
682 1461 878 1526 bibliotheca
888 1459 1043 1548 inspexit,
1058 1482 1176 1547 neque
1187 1484 1256 1525 non

176 1569 270 1634 laetus
290 1567 485 1633 vocabulum
512 1567 581 1628 Isar
603 1564 655 1628 rel
676 1563 781 1626 Isaras
809 1559 1031 1649 deprehendit.
1058 1561 1110 1627 Ill.
1139 1579 1255 1627 autem

178 1667 343 1750 Danville,
368 1668 460 1746 cujus
475 1681 651 1754 praegravat
670 1663 863 1743 auctoritas,
880 1661 1014 1750 intelligi
1035 1662 1094 1727 hic
1118 1667 1256 1729 Amnis

180 1792 246 1834 non
267 1791 361 1857 posse
383 1767 540 1847 affirmat,
563 1764 719 1853 additque
740 1787 779 1828 cx
798 1762 1061 1828 doctissimorum
1084 1787 1256 1830 consensu

178 1869 330 1950 lluvium,
349 1891 446 1956 quem
465 1881 583 1931 vocant
597 1867 738 1946 Isaram,
755 1864 907 1929 eumdem
924 1887 992 1928 esse
1011 1888 1113 1952 quem
1138 1869 1255 1955 gallice

179 1971 375 2060 appellamus
400 1965 490 2032 ltere.
514 1969 583 2032 Hac
605 1965 755 2031 videlicet
780 1966 936 2053 opinione
954 1964 1110 2031 inductus
1131 1969 1255 2034 clariss.

179 2070 451 2159 Schweighaeuser
466 2090 570 2156 quum
583 2067 712 2156 Polybii
727 2067 895 2131 historiam
911 2089 998 2131 anno
1019 2067 1105 2154 1789
1122 2068 1254 2152 ederet,

178 2173 286 2237 Isaras
293 2221 304 2254 ,
318 2194 387 2235 non
400 2186 509 2234 autem
522 2169 634 2233 Scoras
648 2171 791 2258 scripsit,
809 2185 841 2233 et
856 2170 925 2258 ipse
940 2167 1073 2256 quidem
1086 2193 1123 2234 se
1138 2195 1181 2236 ex
1196 2195 1254 2261 pe·
1362 2186 1363 2192 ’

180 2274 324 2340 ritissimi
345 2274 504 2361 cujusque
520 2271 651 2353 judiciis
673 2273 847 2337 lectionem
866 2272 951 2335 hanc
971 2270 1095 2336 coeteris
1119 2289 1252 2339 antetu-
1289 2297 1291 2302 ·

180 2377 255 2441 lisse
269 2374 451 2465 profitetur.
1353 2452 1356 2457 .

225 2478 268 2540 lis
290 2474 407 2540 addam
427 2474 524 2537 verba
544 2473 588 2535 ill.
615 2471 733 2553 Deluc,
756 2494 827 2559 quae
849 2495 921 2537 mea
939 2472 1053 2536 faciam
1068 2473 1139 2560 (r):
1159 2478 1252 2542 «Sco-
1352 2476 1357 2555 ξ

182 2600 253 2641 ram
267 2594 299 2641 et
310 2577 437 2640 Isaram
458 2596 562 2638 unum
580 2571 799 2659 eumdemque
817 2595 886 2637 esse
897 2572 1049 2655 fluvium,
1063 2574 1147 2639 hino
1166 2593 1252 2641 certo
1353 2562 1356 2567 ’

182 2678 441 2757 demonstratur,
464 2674 554 2763 quod
576 2676 664 2738 Isara
681 2672 721 2762 75
739 2675 883 2739 millibus
899 2697 918 2738 a
938 2676 1012 2741 loco
1025 2675 1119 2764 ipso,
1136 2677 1252 2766 inquo

182 2779 273 2845 Poeni
293 2776 491 2842 Rhodanum
514 2776 728 2856 transierunt,
746 2775 849 2858 absit,
873 2775 915 2841 ad
933 2797 1075 2862 eumque
1087 2776 1254 2843 Hannibal

182 2896 256 2969 post
278 2879 489 2968 quatriduum
512 2879 571 2941 iter
590 2876 764 2941 devenerit.
784 2877 811 2940 Ε
827 2877 989 2942 contrario
1005 2877 1032 2941 si
1049 2878 1253 2968 Lugdunum

183 3005 306 3070 usque,
325 2981 365 3045 ad
380 2980 507 3044 Ararim
520 2976 715 3042 adscendere
729 2978 884 3060 velimus,
900 3000 967 3040 non
985 2976 1053 3057 jam
1073 2976 1117 3066 75
1136 2981 1254 3062 millia,

183 3107 296 3148 verum
312 3082 373 3147 136
386 3081 594 3160 habebimus,
609 3103 699 3167 quae,
718 3095 859 3166 quatuor
872 3078 998 3144 dierum
1011 3079 1120 3167 spatio
1136 3081 1257 3147 decur-

183 3207 269 3267 rere,
283 3183 372 3271 equi,
383 3182 528 3261 jumenta
541 3181 767 3268 elephantique
780 3203 847 3245 non
860 3196 1040 3269 potuerunt
1052 3205 1060 3245 :
1071 3186 1255 3269 praesertim
1356 3233 1358 3236 -

183 3305 286 3370 quum
310 3299 343 3347 et
364 3285 451 3346 Isara
470 3297 503 3345 et
525 3281 643 3345 iterum
666 3279 845 3346 Rhodanus
874 3281 1012 3346 fuissent
1035 3282 1253 3362 trajiciendi».

183 3385 246 3449 Cui
266 3385 293 3449 si
315 3400 507 3474 argumento
522 3382 652 3448 accedat
668 3382 829 3469 quidquid
841 3383 968 3447 roboris
982 3382 1099 3449 afferre
1114 3403 1258 3473 possunt
1359 3353 1362 3443 i

184 3507 342 3548 mensurae
354 3484 584 3572 intervallaque
600 3484 694 3547 certis
713 3482 892 3548 rationibus
908 3483 1077 3566 aestimata,
1091 3487 1259 3580 profligati

183 3609 316 3673 prorsus
330 3585 555 3666 habebuntur,
571 3585 628 3672 qui
643 3585 788 3649 Insulam
801 3585 996 3650 coeuntibus
1007 3586 1102 3650 Arari
1118 3605 1154 3653 et
1165 3591 1261 3656 Rho·

185 3684 270 3750 dano
286 3684 450 3751 definitam
470 3687 601 3767 volunt,
621 3701 653 3749 et
671 3686 727 3772 qui
740 3709 811 3750 eam
824 3687 1010 3751 Rubionem
1026 3687 1118 3752 inter
1137 3708 1172 3755 et
1190 3695 1261 3759 Isa-

184 3808 252 3851 ram
275 3789 368 3852 sitam
391 3809 459 3852 esse
482 3785 706 3867 contendunt,
730 3789 795 3850 imo
822 3787 895 3850 etii
917 3788 1036 3874 quibus
1058 3810 1094 3852 ea
1126 3791 1264 3857 duobus

218 4009 257 4074 (ι)
274 4010 331 4058 Vid.
344 4011 430 4068 Dolus,
441 4015 548 4075 Passagt
559 4011 600 4058 des
609 4010 681 4074 Alpes
686 4028 736 4074 par
745 4010 855 4059 Annibal
860 4047 866 4065 ‚
880 4029 906 4075 p.
916 4014 946 4072 73
958 4025 981 4060 et
994 4025 1035 4072 pt.
