2782 4568
1086 285 1116 326 Δ.
1130 281 1158 324 C.
1174 287 1225 331 ara.

163 320 236 404 4²4
588 316 627 383 T·
661 312 796 383 LIVH
1083 345 1115 386 o.
1129 344 1157 386 a
1171 345 1224 388 aaa.

168 438 385 536 Gelonisque
387 439 534 529 fratris,
551 460 647 507 nese
661 438 851 505 innoxiam
868 427 1003 500 inuidia
1019 431 1251 520 Hieronymi

163 552 391 648 confhagmre
409 553 576 620 sinerent.
595 545 703 620 Nihil
715 569 754 616 se
775 568 824 614 ex
841 564 952 638 regno
970 537 1083 626 illius,
1097 553 1249 636 preater

162 659 331 732 eust'lium
343 663 429 746 viri,
444 658 580 729 babere
594 684 605 726 .·
620 679 738 754 neque
739 657 935 745 fortunam
945 674 1052 721 tuam
1064 648 1245 719 eamdem

160 777 246 844 nivo
266 775 489 864 Hieronymo
504 770 642 861 fuisse,
664 792 777 864 quam
805 769 957 850 sororis,·
984 785 1107 858 nequo
1129 766 1243 830 inter-

150 883 255 972 fecto
281 905 324 951 eo
345 905 495 951 causam
518 878 684 950 eamdem
702 901 788 948 esse.
812 873 914 967 Quid
922 875 941 942 l
959 871 1075 970 quod,
1095 877 1131 941 si
1153 875 1243 940 An-

162 992 371 1064 dranodoro
393 990 542 1062 consilia
550 996 829 1088 processissent,
850 986 914 1057 illa
926 1009 1009 1056 oum
1026 990 1110 1057 viro
1116 985 1248 1075 fuerit

161 1118 375 1200 mgnatura;
385 1101 456 1172 sibi
462 1126 544 1171 cum
554 1107 690 1173 centens
700 1098 936 1172 serviendum.
948 1099 989 1167 Si
995 1101 1077 1192 quis
1089 1099 1124 1163 Z
1125 1100 1244 1192 oinpo

162 1220 318 1301 nuntiet,
335 1214 558 1303 interfectum
576 1217 855 1307 Hieronymum,
876 1234 920 1279 ac
936 1207 1110 1279 liberatas
1126 1208 1244 1301 Syra·

164 1350 287 1411 cusas,
306 1330 367 1394 cui
383 1323 536 1393 dubium
556 1348 645 1411 esse,
670 1328 759 1420 quin
778 1317 958 1417 extemplo
975 1337 1244 1388 conscensum

161 1441 210 1506 sit
223 1440 361 1522 nanim,
378 1450 489 1532 atque
502 1438 710 1531 inpatn'am
722 1431 930 1503 redimrus?
950 1431 1140 1519 Quantum
1154 1449 1243 1522 spes

162 1544 452 1636 bominumfalli
460 1542 498 1616 ⁴!
512 1550 557 1619 In
578 1543 868 1641 liberatapatria
887 1539 1075 1634 conjugem
1093 1538 1177 1631 ejus
1196 1561 1244 1608 ac

163 1655 293 1731 liberos
306 1657 354 1728 de
365 1662 445 1731 uita
462 1656 636 1727 dimicare
641 1684 653 1743 ,·
671 1654 764 1752 quid
778 1651 959 1725 obstantes
977 1647 1153 1733 libertati,
1174 1662 1246 1718 aut

162 1766 329 1863 tegibus?
354 1768 467 1858 Quod
484 1767 533 1838 ab
553 1792 593 1838 se
611 1772 783 1863 cuiquam
797 1760 1068 1862 periculum,·a
1088 1757 1175 1830 sola
1196 1783 1243 1829 ac

155 1901 278 1974 prope
288 1877 405 1949 cuna
414 1872 440 1963 ⁵,
460 1892 496 1947 et
504 1875 641 1973 puellis
663 1881 702 1948 in
718 1875 871 1948 orbitate
884 1869 1110 1968 degentibus,
1130 1871 1243 1940 esse?

163 1987 220 2060 At
236 1990 332 2057 enim
341 1985 502 2083 periculi
518 1985 665 2082 quidem
684 1984 780 2056 nibil
791 1983 839 2054 ab
858 2008 897 2054 se
915 1985 1032 2052 timeri
1048 2006 1059 2050 .·
1081 1985 1241 2050 invisam

163 2111 287 2169 tamen
299 2098 437 2191 regiam
449 2100 595 2193 stipem
609 2120 694 2169 esse.
710 2097 748 2166 A
750 2086 934 2190 blegarent
947 2114 1030 2187 ergo
1034 2089 1180 2188 procul
1188 2088 1241 2161 ab

164 2209 349 2302 Syracusis
370 2205 578 2304 Siciliaque,
603 2221 639 2276 et
666 2209 849 2302 asportari
869 2200 1140 2272 Alexandriam
1168 2203 1239 2296 ju·

165 2321 305 2410 berent,
327 2321 381 2392 ad
398 2327 519 2392 virum
541 2345 711 2407 uxorem,
722 2319 789 2390 ad
795 2332 944 2416 patrem
951 2313 1068 2413 filias.
1091 2316 1240 2385 Aversis

163 2428 312 2509 auribus
324 2432 546 2530 animisque,
562 2455 659 2521 casse
671 2455 718 2501 ne
730 2443 874 2526 tempus
887 2441 1083 2514 tereretur,
1095 2423 1239 2499 ferrum

160 2642 218 2700 bus,
230 2654 290 2703 eta,
299 2644 348 2691 nisi
356 2644 441 2709 potina
451 2643 616 2693 anacoluthon
625 2654 674 2704 eat,
718 2643 786 2706 nymi
794 2642 960 2710 conflagrare,
974 2639 1046 2688 aitaul
1058 2639 1085 2686 in
1098 2639 1240 2704 perniciem

160 2729 205 2770 ant
217 2736 282 2769 nuno
296 2721 443 2782 (iciendum
456 2723 588 2772 strothius.
603 2727 676 2771 Forte
719 2723 791 2772 trahi.
805 2719 1078 2779 eont.adxx11‚ss,
1090 2736 1117 2768 ιι.
1129 2721 1162 2780 3;
1177 2721 1241 2780 XL,

160 2810 219 2849 anta
231 2816 297 2847 nana
309 2800 421 2864 queam
435 2800 563 2862 excidere,
576 2818 601 2850 v.
615 2811 675 2867 grat.
722 2803 763 2863 15,
775 2819 801 2850 n.
815 2801 843 2860 δ,
858 2812 883 2850 et
895 2802 1022 2851 cievm.
1034 2800 1058 2859 1,
1075 2800 1107 2847 15
1124 2810 1191 2848 extr.
1202 2826 1240 2840 -

159 2895 278 2944 nunapoe
286 2878 360 2938 door,-
368 2880 408 2928 vel
415 2895 462 2946 pro
472 2897 537 2928 nuno
545 2881 677 2945 legendum
720 2881 747 2928 Si
751 2880 934 2931 Andranodoro
940 2879 1043 2928 eonet'h‘a
1045 2878 1237 2944 processissent,

162 2974 245 3008 orans.
262 2985 297 2997 -
309 2957 424 3018 Biittnar,
438 2960 543 3009 Ohmv.
556 2977 613 3025 pag.
627 2961 675 3020 66,
720 2961 905 3019 ιιιιιιιίιιοιιῑ,
915 2959 1008 3008 exitam
1019 2957 1172 3006 habuissent.

161 3037 264 3088 ntiratar
276 3053 363 3087 omae·
375 3038 456 3089 adhue
468 3040 614 3105 interpretas
627 3040 676 3088 hoc
756 3050 780 3097 t.
795 3043 919 3104 Quantum
932 3054 986 3104 spes
998 3038 1123 3086 hominnm
1129 3037 1198 3103 statii
1206 3054 1239 3088 ex

160 3117 219 3166 ioco
230 3117 370 3167 oboaeatoa
378 3118 461 3168 ffiaaa.
471 3119 581 3168 Nimium
589 3120 676 3168 teritur
720 3118 817 3168 emend.
828 3121 938 3168 Gronov.
947 3134 994 3184 pro
1005 3117 1164 3183 vnipfnllit:
1179 3133 1239 3167 nam

160 3196 268 3245 iumenti
276 3197 395 3246 orationis
403 3210 496 3246 nexunt
504 3199 624 3246 oontinao
633 3215 676 3263 ap·
720 3200 835 3248 transitus
852 3198 884 3246 ab
901 3199 1013 3246 oratione
1028 3197 1130 3260 obliqua
1145 3197 1183 3244 ad
1198 3213 1239 3246 ra-

161 3273 257 3338 parebit
265 3276 353 3336 verba,
362 3294 427 3324 auria
435 3294 484 3342 per
495 3278 674 3329 memoriam...
720 3289 783 3327 mam
793 3288 817 3327 et
829 3291 927 3338 contra,
941 3279 999 3326 alias
1011 3276 1077 3325 hand
1088 3277 1239 3341 infrequens

152 3351 258 3417 frotn'a,
269 3355 300 3401 ad
313 3367 451 3404 merentem
462 3357 605 3422 scriptorem
616 3359 676 3406 reia·
719 3356 1063 3424 (videad1,13,n.t),in
1074 3371 1127 3403 nno
1141 3357 1239 3416 verbo,

159 3432 237 3483 mdo
246 3446 311 3492 ena,
319 3450 387 3493 non,
396 3435 466 3509 quoti
477 3435 584 3500 vulgaria
592 3436 677 3485 distin-
718 3453 794 3502 quum
801 3447 854 3486 tota
862 3438 942 3486 oratio
951 3437 1051 3500 obliqua
1061 3447 1107 3496 eat,
1117 3447 1142 3484 et
1149 3438 1239 3486 omnia

158 3512 210 3560 otio
229 3512 320 3576 exigit,
335 3512 368 3560 ad
384 3524 507 3577 patentem
525 3515 674 3563 Heracleam.
718 3533 770 3565 una
783 3528 868 3566 tenore
880 3517 977 3576 fluunt,
989 3532 1042 3565 non
1055 3527 1091 3565 eat
1103 3517 1239 3578 ferendum

160 3593 221 3640 Hoeo
237 3591 315 3655 igitur
326 3591 470 3641 verbenam
483 3592 583 3640 addidit
589 3611 674 3658 pronas
718 3597 850 3645 strothius.
864 3624 899 3634 --
915 3597 1047 3663 Conjngem
1056 3597 1120 3662 ejas,
1131 3597 1239 3662 Zoippi.

154 3670 279 3734 jungenda
295 3681 353 3720 mat
367 3685 376 3721 ε
391 3671 458 3719 idean
476 3672 549 3720 etiam
565 3674 676 3738 postulat
717 3677 781 3724 Mox
796 3677 859 3741 quid
872 3678 1007 3735 obstantes,
1022 3688 1085 3734 eta,
1102 3691 1150 3739 pro
1172 3675 1242 3724 nihil

160 3750 316 3811 grammatiea
330 3751 408 3811 ratio;
425 3765 481 3798 nan
498 3752 565 3800 unda
581 3753 674 3818 pendet
717 3755 963 3814 obscuresceret,
978 3756 1070 3803 nullum
1082 3754 1116 3800 ab
1128 3769 1155 3800 se
1163 3755 1240 3818 peri-

155 3843 203 3890 pv
211 3829 354 3877 memoriam
362 3830 411 3878 niai
420 3846 435 3879 a
441 3837 544 3895 moesi
553 3834 674 3882 Caeterum
717 3834 810 3892 cuium,
825 3835 1017 3900 interrogatione
1033 3849 1079 3898 pro
1092 3843 1177 3896 negat.
1188 3850 1239 3899 po·

157 3905 190 3954 ui
198 3908 342 3971 particulam
350 3926 416 3958 auae
424 3909 581 3972 ἀνακόλουθος
594 3912 673 3960 videri
717 3913 763 3960 sita
773 3929 804 3959 ex
813 3913 991 3962 vehementiori
999 3914 1104 3970 affectu3
1118 3913 1220 3963 Stroth.

158 3995 243 4050 pateat
250 3987 344 4047 matio,
351 4000 380 4037 ut
389 3991 450 4039 acite
458 3991 670 4040 oataiditWalrh.
742 3978 776 4040 i.
787 3995 867 4057 Prope
876 3993 955 4042 vidua
966 3993 1000 4042 oh
1010 3990 1123 4042 exsilium
1133 3993 1239 4044 mariti:

157 4064 261 4114 annii
270 4082 296 4130 p.
306 4067 364 4116 1⁸6.
373 4069 418 4117 En.
427 4097 463 4108 -
476 4069 574 4119 Invidia
584 4071 670 4120 Hiero·
714 4070 1064 4135 undaetpneliammarbitas.
1074 4099 1110 4108 -
1122 4073 1160 4120 Ae
1169 4073 1243 4122 enine
