2782 4568
192 343 261 415 268
612 345 651 409 r.
683 343 825 410 alvu
1098 319 1229 423 atat:

189 474 312 552 sent²;
328 464 405 533 sine
422 462 617 534 certamine
633 460 763 532 tradita
782 458 870 531 urba
889 463 1017 548 Poeno,
1036 460 1260 557 praesidium·

189 599 262 671 que
284 585 473 669 acceptum
487 586 551 642 est.
568 570 624 643 Ibi
638 570 757 669 praeda
774 571 874 659 omni
888 585 998 667 atque
1014 569 1258 668 impedimen·
1331 610 1333 615 ·

188 685 234 756 tis
253 684 402 772 relictis,
426 684 587 754 exercitu
608 682 760 784 partim,
784 686 976 780 Magonem
997 680 1155 780 regionis
1178 683 1258 778 ejus

189 791 318 881 urbes,
335 807 396 864 aut
413 791 621 866 deficientes
640 790 686 862 ab
705 792 876 865 Romanis
894 791 1056 892 accipere
1067 786 1095 878 ³,
1110 805 1171 866 aut
1190 789 1257 863 de-

187 918 383 980 trectantes
393 929 522 1002 cogere
535 903 580 976 ad
591 900 954 996 defectionemjuhet.
965 907 1046 999 Ipse
1056 925 1122 998 per
1130 925 1259 998 agrum

190 1037 408 1110 campanum
431 1039 529 1087 mare
550 1011 707 1089 inferum
733 1015 842 1110 petit,
861 1026 1138 1110 oppugnaturus
1163 1008 1257 1084 Nea·

189 1123 324 1226 polim,
342 1139 384 1195 ut
398 1124 528 1197 urbem
550 1125 764 1195 maritimam
782 1112 943 1194 haberet.
965 1121 1037 1193 Ubi
1054 1121 1144 1194 fines
1162 1126 1257 1195 Nea-

187 1233 433 1330 politanorum
456 1236 621 1323 intravit,
643 1233 817 1308 Numidas
833 1234 963 1337 partim
982 1233 1020 1303 in
1044 1232 1182 1304 insidiis
1200 1233 1258 1330 (et

188 1342 371 1447 pleraque
389 1370 482 1422 cavae
503 1359 588 1416 sunt
606 1347 688 1432 viae,
706 1345 878 1442 sinusque
894 1341 1064 1438 occulti),
1083 1367 1257 1440 quacum-

190 1479 262 1551 que
278 1469 361 1553 apte
376 1455 743 1553 poterat,disposuit:
763 1454 870 1541 alios,
889 1478 962 1550 praa
980 1477 1017 1526 se
1036 1467 1151 1525 actam
1169 1477 1257 1550 prae·

191 1560 273 1635 dam
300 1587 345 1632 ex
371 1563 464 1659 agris
488 1577 730 1650 ostentantes,
757 1562 970 1658 obequitare
998 1564 1112 1660 portis
1138 1563 1254 1658 jussit.

189 1675 232 1740 In
252 1695 364 1767 quos,
384 1673 469 1767 quia
491 1696 559 1742 nec
582 1672 688 1742 multi
709 1687 745 1743 et
768 1673 999 1769 incompositi
1019 1670 1256 1761 videbantur,

192 1805 306 1876 quum
329 1794 448 1851 turma
467 1782 631 1878 equitum
649 1783 845 1886 erupisset,
865 1779 911 1851 ab
934 1780 1147 1853 cedentibus
1167 1806 1256 1853 con-

190 1891 285 1960 sulto
305 1904 419 1960 tracta
436 1893 474 1960 in
491 1891 654 1980 insidias,
676 1894 921 1967 circumventa
939 1906 993 1964 est
1012 1919 1020 1960 :
1039 1917 1107 1967 nec
1126 1895 1258 1967 evasis-

189 2015 243 2070 set
261 2002 473 2098 quisquam,
496 2003 535 2072 ni
552 2027 652 2073 mare
670 2004 938 2100 propinquum,
956 2016 992 2073 et
1012 2000 1110 2072 haud
1128 2003 1259 2099 procul

190 2111 296 2183 litore
322 2136 449 2200 naves,
469 2113 667 2210 piscatoriae
689 2113 888 2213 pleraeque,
909 2126 1110 2218 conspectae
1134 2114 1260 2208 peritis

190 2222 303 2292 nandi
324 2221 510 2294 dedissent
531 2220 716 2319 effugium.
741 2223 890 2323 Aliquot
916 2237 1036 2293 tamen
1063 2248 1106 2294 eo
1134 2223 1258 2320 praelio

192 2332 334 2403 nobiles
350 2333 503 2427 juvenes
523 2335 618 2431 capti
633 2334 786 2433 caesique
801 2348 885 2404 sunt
899 2361 906 2403 :
921 2334 1017 2404 inter
1031 2358 1125 2435 quos
1142 2347 1178 2404 et
1193 2339 1260 2404 He-

191 2465 295 2536 geas,
323 2440 513 2539 praefectus
542 2444 728 2540 equitum,
756 2445 1056 2545 intemperantius
1087 2443 1259 2516 cedentes

156 2636 158 2645 ,
190 2561 386 2646 sequutus,
401 2551 530 2622 cecidit
547 2579 554 2621 :
577 2551 622 2623 ab
637 2551 730 2623 urbe
745 2552 992 2659 oppugnanda
1013 2558 1164 2624 Poenum
1181 2552 1259 2625 abs·

189 2665 380 2732 terruere4
400 2677 594 2761 conspecta
616 2666 768 2754 moenia,
787 2665 1070 2766 haudquaquam
1090 2681 1259 2768 prompta

191 2774 429 2869 oppugnanti.

237 2885 281 2952 ΙΙ.
308 2882 397 2954 lude
417 2888 579 2982 Capuam
592 2884 705 2957 flectit
719 2887 804 2975 iter,
818 2885 1062 2964 luxuriantem
1077 2885 1185 2982 longa
1205 2882 1259 2954 fe·

221 3065 462 3129 2.QuumMopsiani
469 3067 527 3114 urbe
533 3067 704 3125 excessissent,·
748 3067 795 3126 sit,
808 3066 840 3130 ad
853 3082 953 3129 eamque
967 3081 1039 3113 nemo
1055 3076 1165 3129 cogatur.
1181 3065 1260 3113 Carte-

189 3142 247 3193 vide
259 3144 292 3194 ad
303 3147 342 3202 ΙΙ,
356 3147 398 3205 37,
408 3162 433 3192 ¹¹·
446 3145 470 3193 ⁵·
748 3162 801 3197 rum
816 3145 907 3209 tagino
921 3144 959 3195 ad
974 3143 1131 3210 defuturam
1148 3141 1258 3199 trahere,

225 3223 251 3272 3.
263 3224 461 3291 Autdeficientes
470 3224 503 3271 ab
513 3225 629 3280 Romanis
639 3225 705 3275 accis
747 3227 832 3283 XXV,
847 3226 895 3284 163
912 3235 937 3272 et
952 3223 1015 3274 illud
1029 3223 1110 3286 iprum
1125 3236 1211 3285 cogere
1225 3221 1262 3275 ad

186 3317 261 3365 pere,
281 3319 315 3350 sc.
328 3303 356 3352 in
370 3301 459 3363 fidem,
472 3304 527 3363 rel,
540 3315 568 3352 ut
578 3305 643 3364 vu,
659 3306 704 3365 16,
748 3302 921 3370 defictlonem,
935 3303 1058 3360 xxm,
1073 3303 1119 3360 183
1137 3300 1181 3348 uhi
1198 3315 1261 3363 quo-

191 3396 216 3431 n.
228 3381 257 3439 3,,
270 3381 297 3427 in
311 3380 477 3443 deditionem
490 3395 534 3431 aut
545 3383 705 3433 detracturos
749 3399 797 3447 que
815 3383 909 3435 rulant
924 3382 1051 3437 lectiones.
1070 3381 1115 3436 Eu.
1136 3406 1172 3423 ι·-
1189 3381 1261 3435 Mare

192 3459 369 3520 defectionem,
385 3460 489 3510 deficere
502 3472 656 3521 racusanus,
668 3477 710 3512 co·-
749 3461 870 3527 inferum
880 3461 938 3514 vida
951 3460 983 3510 ad
995 3460 1086 3515 librum
1095 3460 1129 3517 V,
1145 3474 1200 3523 cap.
1215 3459 1261 3519 33,

190 3552 248 3601 gere
257 3538 294 3585 ad
301 3538 472 3603 desectionem,
483 3540 532 3588 nisi
540 3555 596 3588 oum
604 3539 705 3591 nutem
750 3552 775 3593 ut
786 3541 822 3591 ibi
832 3558 859 3595 n·
871 3542 896 3595 3·
934 3593 936 3601 ,

192 3616 239 3680 leg.
250 3617 408 3676 deditionem,
423 3619 479 3683 quia
493 3617 595 3684 defectio
607 3635 659 3667 non
670 3630 707 3671 ert
786 3628 809 3677 k.
832 3620 872 3669 Ab
894 3620 952 3676 urbe
974 3617 1142 3683 oppugnanda
1161 3619 1262 3663 Poenum

192 3694 328 3750 invitorum
344 3715 372 3746 ac
389 3698 591 3757 detrectantium,
605 3698 650 3748 aed
664 3686 709 3747 rof
750 3698 900 3753 maturuere
908 3696 949 3762 (al.
957 3695 1145 3753 abaciacum&
1152 3708 1201 3758 quo
1210 3692 1261 3741 vid.

195 3772 305 3824 lentium.
314 3777 487 3837 —Walohius‚
498 3777 635 3842 Emendp.
648 3780 706 3837 1⁸1,
750 3775 782 3825 ad
791 3778 817 3834 1,
832 3791 855 3834 1,
866 3792 891 3826 n·
905 3790 927 3836 1,
939 3786 965 3824 ot
977 3779 1013 3835 11,
1024 3791 1056 3823 aa
1064 3808 1073 3835 ,
1082 3790 1107 3820 n.
1119 3773 1149 3837 3)
1162 3786 1262 3835 conspe·

195 3852 317 3914 vulgatam
332 3867 426 3918 tuetur,
439 3856 613 3920 Dtderumque
627 3857 707 3921 impu·
750 3866 792 3905 cta
807 3854 914 3912 mum,
934 3871 1020 3907 eorum
1035 3864 1163 3918 nummus,
1182 3849 1263 3898 laud·

197 3934 316 3995 grauun
325 3936 501 3986 recentioribus
509 3935 645 3986 editoribus
654 3952 708 4000 prr·
751 3950 878 3999 quaquam
883 3946 1001 4000 prompta
1011 3930 1175 3999 oppugnanti,
1185 3929 1262 3980 scilic·

199 4010 300 4059 suaserit
315 4029 400 4076 cogere
413 4016 449 4063 ad
462 4014 619 4081 defectionem
633 4014 708 4064 latius
751 4023 896 4078 oppugnant
905 4029 958 4067 uon
968 4012 1060 4071 facilit,
1071 4027 1124 4063 non
1136 4009 1207 4063 facile
1217 4024 1263 4075 ⁰1>-

199 4102 250 4134 non
260 4087 321 4150 dici,
330 4094 447 4156 quoniam
456 4094 562 4147 delectio
573 4093 709 4151 uoluntaria
751 4092 890 4160 pugnanda
