2782 4568
178 293 249 377 486
437 320 440 325 ·
577 295 848 365 E'XCURSUS
875 309 878 313 '

177 415 275 479 mixta
299 415 499 503 confusaque
520 430 673 504 arguant,
698 414 740 502 ab
765 435 805 476 eo
829 412 1019 501 refugiunt,
1045 411 1275 502 Polybioque

176 513 259 578 duce
284 514 456 579 Hannibali
479 537 537 603 per
559 515 668 580 Graias
694 514 789 601 Alpes
813 511 938 577 aditum
955 511 1125 600 pandunt
1147 515 1275 579 Italiae:

176 616 229 679 alii
250 616 377 679 Livium
400 616 537 680 certiora
559 616 666 681 dicere
686 614 767 696 rati,
786 614 862 702 quia
881 635 918 676 ea
931 627 963 676 et
976 611 1092 677 fusius
1110 631 1150 678 et
1166 613 1277 679 confi'·
1380 609 1391 695 ᾖ

175 714 306 779 dentius
324 715 482 798 affirmat,
502 738 642 806 graecum
669 732 778 779 tamen
803 715 994 803 scriptorem
1021 715 1178 794 rejicere
1203 740 1274 780 non
1382 709 1383 718 ’

175 816 261 897 ausi,
279 839 377 903 quem
394 840 460 882 non
480 818 584 882 multo
605 833 677 906 post
693 815 931 904 expeditionem
952 816 1041 881 hanc
1062 817 1220 900 vixisse,
1243 835 1276 888 et

175 916 359 996 studiosum
370 918 438 980 veri
448 918 667 1007 sapientiaque
681 933 822 1006 spectata
833 915 1000 981 laudatum
1015 917 1176 1000 scirent,
1192 942 1276 982 con·
1388 854 1391 1063 1

174 1016 280 1081 ciliare
288 1034 470 1105 pugnantes
488 1035 711 1100 tentaverunt,
727 1041 796 1083 rem
810 1017 1000 1100 difficilem,
1014 1041 1083 1107 nec
1096 1042 1187 1084 sane
1202 1044 1275 1086 sus·

175 1117 375 1206 cipiendam,
397 1119 459 1183 nisi
475 1136 753 1208 praeoccupassent
763 1119 890 1185 animos
903 1117 985 1183 Livii
1000 1106 1184 1185 narrantis
1203 1122 1272 1185 elo·

177 1219 311 1306 quentia
334 1235 366 1283 et
384 1220 566 1287 illecebrae:
584 1221 606 1285 ii
625 1221 751 1286 Cottius
763 1221 861 1308 Alpes
875 1218 1056 1307 praebuisse
1079 1221 1269 1286 transitum

178 1321 352 1384 Hannibali
367 1320 596 1391 contendunt„
1009 1384 1012 1391 .

223 1423 316 1505 Quos
343 1422 449 1506 inter,
476 1423 508 1487 in
539 1423 641 1512 prima
666 1423 774 1488 fronte
800 1422 944 1487 eminent
968 1422 1040 1485 Viri
1069 1422 1264 1489 doctissimi
1339 1469 1342 1473 »

178 1523 386 1614 illaudajors,
403 1523 550 1590 Danaille
563 1541 596 1589 et
604 1573 615 1605 ,
629 1540 747 1590 nostrae
763 1524 863 1588 aetatis
879 1522 1100 1589 clarissimum
1119 1524 1262 1605 lumen,

177 1625 342 1690 Letronne.

222 1728 365 1791 Alteram
378 1729 565 1816 opinionem
576 1742 785 1820 propugnant
795 1725 863 1791 VV.
874 1725 960 1790 doct.
969 1723 1260 1808 Melvillc,-Deluc‚

179 1843 213 1890 et
227 1829 277 1890 vir
294 1828 425 1915 quidam
442 1828 474 1892 in
493 1831 662 1893 Oxoniana
677 1828 889 1900 Universitate
905 1826 1110 1891 notissimus.

225 1929 334 2009 Quare
350 1930 383 1992 in
401 1931 465 1994 hoc
479 1931 712 1995 sententiarum
726 1926 896 2010 conflictu,
912 1928 938 1991 si
955 1944 1105 1993 nostram
1120 1928 1257 2016 opinio-

178 2053 254 2095 nem
267 2030 377 2094 solidis
390 2031 486 2096 inniti
495 2031 713 2096 fundamentis
725 2031 877 2111 velimus,
891 2029 995 2093 fusius
1008 2027 1169 2116 quaedam
1180 2052 1258 2118 prae·

178 2130 338 2209 mittenda
354 2148 448 2213 sunt,
466 2133 585 2220 quibus
600 2134 635 2196 in
650 2132 827 2219 quaestione
845 2129 999 2195 solvenda
1011 2131 1108 2193 usuri
1122 2153 1253 2195 sumus.

178 2233 380 2296 Revocemus
400 2233 499 2322 igitur
521 2234 556 2296 in
580 2233 792 2313 memoriam,
813 2254 885 2318 quae
900 2231 1056 2318 Polybius
1071 2232 1254 2320 Liviusquc

178 2333 371 2420 perhibent,
385 2336 505 2399 scilicet
516 2334 744 2414 Hannibalem,
754 2332 942 2420 priusquam
954 2331 1080 2394 bellum
1090 2333 1251 2396 Romanis

177 2435 212 2497 in
229 2435 364 2524 patriam
380 2436 531 2515 inferret,
547 2436 670 2499 misisse
689 2436 746 2521 qui
767 2432 919 2497 certiores
941 2431 1077 2512 fierent,
1095 2454 1144 2495 an
1165 2432 1251 2520 apud
1355 2479 1356 2499 2

180 2534 288 2599 Gallos
301 2536 576 2624 Circumpadanos
592 2535 679 2598 idem
691 2533 799 2598 adhuc
815 2532 896 2599 illud
909 2532 1030 2596 viveret
1043 2534 1180 2597 romani
1192 2557 1251 2596 no·
1354 2623 1355 2628 η

179 2634 274 2714 minis
292 2635 415 2698 odium.
432 2634 580 2699 Reduces
600 2637 696 2723 legati
713 2635 815 2699 multa
831 2634 1030 2714 attulerunt,
1060 2656 1101 2697 ex
1128 2635 1250 2722 quibus

177 2733 331 2822 optimam
349 2735 408 2798 viae
423 2735 582 2799 rationem
598 2737 721 2800 facilius
738 2736 930 2800 institueret.
953 2737 1003 2799 De
1019 2735 1089 2799 istis
1113 2736 1249 2823 quidem

176 2837 305 2924 populis
322 2860 389 2901 non
408 2838 483 2901 satis
500 2836 641 2903 dilucide
659 2839 805 2925 loquitur
821 2837 974 2924 Polybius
992 2859 1000 2900 :
1018 2836 1119 2900 Boios
1140 2853 1249 2902 tamen

177 2960 233 3001 eos
247 2960 316 3001 esse
331 2955 430 3026 atque
444 2940 614 3022 Insubres,
631 2941 703 3003 illos
717 2939 898 3004 Parmensis
912 2953 944 3000 et
954 2937 1173 3019 Mutinensis,
1188 2939 1249 3002 hos
1353 3005 1354 3010 ,

177 3037 428 3104 Mediolanensis
445 3041 511 3129 agri
530 3041 670 3121 incolas,
687 3064 725 3104 ex
741 3040 812 3127 ipso
828 3039 964 3126 Polybio
979 3037 1067 3100 varia
1080 3040 1250 3103 mox-loca
1354 3055 1355 3059 ’

177 3137 274 3202 fidem
288 3140 427 3216 faciunt,
444 3157 477 3203 et
493 3164 678 3228 quanquam
695 3140 882 3228 posterioris
896 3139 993 3218 hujus
1007 3138 1116 3227 gentis
1130 3141 1257 3225 limites

175 3255 265 3303 certo
283 3238 461 3326 descriptos
478 3265 546 3305 non
566 3241 763 3323 habeamus,
785 3257 893 3305 tamen
916 3239 1085 3305 finitimam
1108 3241 1250 3329 Alpibus

176 3341 275 3403 titisse
294 3339 383 3402 haud
403 3340 566 3406 immerito
581 3343 785 3406 arbitramur.
804 3342 873 3406 Nee
892 3339 1030 3420 dubium
1053 3357 1105 3404 est
1124 3342 1251 3430 legatos
1351 3404 1357 3423 ,
1386 3398 1389 3414 .

175 3441 216 3504 ab
231 3440 410 3504 Hannibale
422 3465 460 3505 eo
478 3443 613 3506 consilio
626 3445 741 3507 missos
760 3443 879 3523 fuisse,
897 3459 935 3505 ut
955 3441 1122 3528 inquietos
1138 3443 1252 3508 Gallo·

177 3565 250 3619 rum
269 3543 394 3606 animos
407 3543 560 3607 adversus
579 3544 711 3609 ditionis
726 3567 868 3608 romanae
887 3541 1124 3607 contumeliam
1139 3545 1255 3608 conci·

175 3659 290 3708 tarent.
305 3643 353 3706 Ex
365 3643 517 3731 Polybio,
535 3644 672 3725 lib.111‚
689 3668 758 3731 cap.
772 3646 832 3724 40,
852 3661 885 3708 et
903 3642 973 3706 Liv.
996 3642 1100 3722 XXI,
1123 3666 1198 3732 cap.
1213 3645 1254 3708 25

178 3743 347 3824 discimus,
364 3744 476 3825 B0i0s,
491 3768 593 3831 quum
605 3745 777 3825 adventare
788 3745 905 3809 Poenos
920 3745 953 3807 in
968 3743 1093 3807 Italiam
1109 3748 1257 3812 nuntius

172 3844 329 3926 venisset,
343 3846 520 3910 sollicitatis
538 3848 731 3911 Insubribus
752 3846 927 3926 deiecisse,
948 3845 1030 3909 etin
1047 3845 1258 3914 Placentiam

173 3948 452 4035 Cremonamque,
477 3964 623 4014 recentes
651 3952 873 4014 Romanorum
902 3947 1060 4028 colonias,
1076 3947 1258 4040 irrupisse.
