2782 4568
175 291 299 396 32:333
376 316 472 383 Lm.
499 316 624 385 xxii.
652 319 757 387 ear.
783 316 860 386 Lx.
886 314 985 386 cxl.
1139 317 1232 416 259*

148 438 320 510 «silentio
337 439 452 509 noctis
470 438 685 536 erumpendi
704 441 843 510 occasio
863 453 963 509 esset.
985 442 1030 508 At
1051 441 1147 509 enim
1162 442 1208 512 ad
1260 433 1263 439 ⁴

146 549 440 647 «erumpendum
473 574 493 619 e
522 551 645 619 castris
668 547 783 620 defuit
811 551 968 637 animus;
993 549 1036 619 ad
1057 550 1209 622 tutanda

147 688 164 723 a
179 657 319 730 sortiter
340 675 453 731 castra
474 662 635 730 animum
660 659 877 731 habuerunt.
904 662 988 731 Dies
1010 675 1207 756 noctesque

144 770 314 867 «aliquot
339 770 492 860 obsessi,
519 771 651 841 vallum
680 774 803 859 armis,
827 797 863 842 se
889 773 956 869 ipsi
985 773 1089 841 tutati
1113 771 1205 843 vallo

145 908 161 944 t<
176 895 288 950 sunt:
310 879 457 951 tandem
481 881 605 951 ultima
628 882 705 951 ausi
727 883 917 978 passique,
942 905 1054 976 quum
1083 883 1205 951 omnia
1253 896 1256 901 '

144 988 335 1061 «subsidia
354 993 435 1061 vitae
458 990 642 1078 abessent,
665 989 874 1088 affectisque
895 991 988 1062 tame
1002 1003 1031 1033 ¹²
1047 991 1203 1080 viribus,
1249 1018 1253 1023 ·

144 1129 161 1164 a
175 1125 272 1171 arma
286 1103 360 1197 jam
380 1103 555 1173 sustinere
574 1103 783 1198 nequirent,
803 1102 1076 1174 necessitatibus
1093 1104 1206 1201 magis

117 1264 121 1271 .
143 1210 356 1297 «humanis,
377 1237 486 1308 quam
508 1213 632 1300 armis,
651 1214 737 1283 vieti
757 1227 852 1283 sunt.
878 1218 969 1283 Orto
995 1212 1069 1284 sole
1091 1213 1205 1293 hostis

143 1349 159 1385 a
172 1322 215 1392 ad
231 1323 364 1392 vallum
378 1323 523 1393 accessit
533 1319 563 1364 ¹³
578 1349 585 1390 :
603 1336 685 1393 ante
699 1323 893 1394 secundam
907 1323 1052 1411 horam,
1068 1323 1207 1394 nullam

144 1430 358 1503 «fortunam
377 1435 581 1503 certaminis
609 1434 766 1530 experti,
793 1432 1019 1504 tradiderunt
1046 1459 1143 1503 arma
1163 1458 1214 1509 ac„

142 1561 209 1607 «se
225 1539 333 1636 ipsos.
349 1544 431 1610 Haec
442 1539 547 1610 vobis
561 1542 721 1637 ipsorum
737 1566 801 1638 per
815 1541 968 1612 biduum
981 1542 1107 1614 militia
1119 1540 1203 1613 suit!

143 1646 286 1743 «quum
310 1649 349 1717 in
373 1649 447 1719 acie
474 1664 567 1720 stare
593 1674 633 1720 ac
660 1674 823 1746 pugnare
848 1650 1033 1740 decuerat,
1060 1668 1139 1723 tum
1164 1655 1204 1723 in

141 1784 158 1820 a
172 1770 286 1826 eastra
297 1755 509 1853 refugerunt
521 1784 528 1825 :
542 1783 656 1854 quum
669 1783 737 1854 pro
752 1759 844 1830 vallo
857 1760 1092 1855 pugnandum
1109 1778 1203 1852 erat,

141 1893 158 1929 «
171 1881 285 1936 castra
304 1865 551 1949 tradiderunt,
572 1891 693 1962 neque
712 1868 750 1936 in
772 1869 864 1954 acie,
884 1893 1005 1964 neque
1023 1871 1061 1939 in
1081 1873 1204 1942 eastris

140 1976 284 2046 «utiles.
301 1980 374 2046 Vos
392 1975 590 2046 redimam?
607 1979 730 2067 Quum
745 2003 934 2075 erumpere
954 1982 1077 2051 castris
1094 2006 1203 2077 opor·

140 2099 237 2173 «tet,
257 2087 476 2156 cunctamini
501 2111 541 2156 ac
561 2089 713 2159 manetis
733 2114 741 2156 ε
765 2113 879 2184 quum
901 2114 1065 2178 manere,
1088 2106 1204 2162 castra

135 2197 277 2266 «tutari
295 2199 401 2267 armis
422 2221 568 2268 necesse
588 2213 656 2285 est3
677 2213 712 2269 et.
736 2214 867 2286 castra,
889 2213 924 2269 et
943 2224 1058 2287 arma,
1079 2216 1114 2271 et
1137 2227 1201 2273 vos

140 2308 264 2404 «ipsos
277 2307 416 2378 traditis
428 2307 533 2378 hosti.
548 2313 624 2405 Ego
639 2334 714 2379 non
729 2311 840 2406 magis
854 2311 940 2381 istos
954 2309 1201 2400 redimendos,

140 2448 156 2482 «
171 2422 290 2488 Patres
304 2419 513 2515 conscripti,
530 2443 675 2506 cense0,
692 2443 801 2515 quam
816 2419 896 2490 illos
911 2418 1097 2491 dedendos
1109 2429 1203 2493 Han·
1304 2433 1309 2442 '

139 2526 298 2614 emboli,
321 2529 385 2624 qui
407 2551 473 2624 per
496 2527 636 2599 medios
656 2528 776 2600 hostes
794 2553 814 2599 e
835 2531 956 2600 eastris
981 2533 1201 2627 eruperunt,

139 2666 156 2702 a
169 2661 209 2707 ac
231 2660 297 2733 per
319 2661 499 2708 summam·
516 2640 687 2709 virtutem
710 2665 747 2710 se
771 2641 893 2737 patriae
917 2641 1200 2712 restituerunt.»

176 2752 274 2842 LXI.
302 2753 495 2843 Postquam
516 2749 671 2821 Manlius
691 2749 797 2836 dixit,
818 2775 1038 2846 quamquam
1056 2767 1200 2849 patrum

137 2883 285 2955 quoque
317 2858 508 2954 plerosque
542 2860 672 2955 captivi
708 2861 920 2956 cognatione
953 2859 1197 2956 attingebant,

138 2983 268 3066 praeter
299 2968 504 3065 exemplum
530 2969 679 3039 civitatis
710 2970 857 3038 minime
883 2969 920 3037 in
946 2970 1105 3064 captivos
1126 2968 1200 3062 jani

138 3077 222 3150 inde
244 3080 443 3177 antiquitus
462 3077 699 3178 indulgentis,
718 3078 878 3174 pecuniae
898 3101 1044 3172 quoque
1061 3101 1201 3148 summa

136 3189 303 3260 homines
318 3189 451 3276 movit3
474 3189 559 3283 quia
577 3211 644 3257 nec
663 3188 827 3257 aerarium
844 3185 1051 3272 exhaurire,
1070 3209 1201 3282 magua

135 3297 209 3392 jam
233 3323 371 3370 summa
392 3311 537 3396 erogata
563 3298 602 3367 in
621 3320 742 3367 servos
768 3295 812 3366 ad
834 3295 996 3363 militiam
1027 3296 1201 3368 emendos

138 3409 418 3507 armandosque,
441 3433 508 3480 nec
532 3406 769 3478 Hannibalem
788 3406 941 3475 maxime
960 3404 1109 3498 hujusce
1130 3405 1198 3494 rei,

138 3530 179 3586 ut
201 3515 294 3586 fama
317 3533 411 3606 erat,
437 3532 603 3613 egentem
633 3517 847 3615 locupletari
868 3512 1048 3584 volebant.
1077 3516 1200 3604 Quum

175 3701 215 3732 12.
229 3684 283 3750 Affi
289 3684 315 3749 sl
326 3685 393 3742 vim
405 3687 492 3746 viav,
506 3703 550 3746 ιο,
564 3704 588 3734 n.
598 3688 625 3735 6.
689 3687 727 3750 gia
740 3695 882 3748 comparent
891 3685 918 3729 in
928 3683 977 3730 Pal.
984 3681 1063 3745 princ.
1075 3682 1200 3733 Gebhard.

175 3766 215 3814 13.
231 3765 352 3812 Ortosole
365 3762 438 3812 bostis
451 3766 487 3813 ad
498 3767 593 3814 vallum
602 3783 645 3813 ac·
690 3769 762 3813 Forte
770 3765 796 3811 bi
804 3764 877 3811 codd.
886 3760 1200 3810 exhibueruntablrostibus
1222 3831 1225 3835 .
1248 3824 1255 3832 .

137 3843 226 3901 cessit,-
243 3847 306 3893 MSS
323 3843 356 3891 ab
373 3842 479 3890 hostibus
496 3845 533 3892 od
550 3846 645 3893 uallum
692 3840 1198 3897 aduallumaceessit,sioutinFlonCant.

137 3937 274 3980 accessum,
289 3923 496 3988 impersonaliter,
509 3925 577 3988 quod
595 3940 645 3971 ma-
692 3926 786 3980 Lov.1,
796 3930 820 3979 4,
829 3932 853 3968 et
861 3922 932 3966 Voss.
942 3917 990 3966 Sed
999 3916 1094 3966 schotti
1104 3921 1201 3985 scriptis

138 4000 293 4064 gnificentiua
302 4003 409 4061 videtur,
421 4002 513 4050 Schott.
523 4006 573 4063 111,
586 4005 646 4051 Obs.
694 4001 816 4050 consentit
824 4002 884 4046 Lov.
896 4000 919 4045 3.
935 4024 970 4033 -
983 3997 1047 4044 Mox
1060 4011 1143 4048 castra
1154 4015 1201 4064 pm

137 4081 164 4129 6.
177 4082 428 4150 EJusdemacriptme
441 4097 493 4131 non
502 4082 566 4132 levia
577 4083 650 4132 vesti·
694 4098 766 4130 arma
779 4079 876 4146 praefert
887 4079 950 4126 Har.
962 4078 1008 4124 Eu.

967 4187 1025 4259 17.
