2782 4568
163 295 234 388 490
307 352 316 365 .
489 312 494 321 ·
561 295 829 369 EXCURSUS

163 412 335 494 incultam,
345 427 382 476 ut
395 411 628 481 demonstrarit
636 415 790 494 Abauzit,
804 434 922 478 oeuvres
934 412 1091 496 diverses,
1104 430 1195 479 tom.
1205 417 1249 495 ll,

163 541 196 605 p.
212 515 283 580 163.
294 514 375 579 Vide
391 537 523 604 quoque
540 530 632 581 notas
648 538 745 605 supra
763 540 796 604 p.
809 540 863 603 77.
878 514 974 598 Quid'
982 515 1091 604 igitur
1104 518 1248 599 mirum,

165 618 191 682 si
208 618 294 681 inter
307 616 403 680 hasce
418 617 583 705 oppositas
598 617 770 705 opiniones
789 618 921 699 Straba,
942 640 1099 704 quaenam
1126 642 1248 682 earum

164 719 225 784 sibi
242 719 380 783 maxime
394 717 551 806 placeret,
568 720 736 785 enuntiare
753 720 915 785 voluerit?
930 721 973 784 Et
992 721 1084 784 haue
1101 721 1246 808 quidem

164 819 292 909 Polybii
309 842 375 884 non
399 842 468 885 esse
483 821 676 885 senteutiam
696 844 736 885 ex
752 821 960 886 historiarum
980 819 1070 884 illius
1086 821 1184 884 libro
1197 823 1248 885 111

166 936 317 1011 apparet,
340 921 416 1006 ubi,
433 921 581 989 absoluta
593 924 659 1002 jam
674 922 798 987 itineris
817 921 858 989 ab
880 921 1066 985 Hannibale
1093 923 1247 987 confecti

165 1022 349 1087 narratione
357 1069 367 1104 ,
376 1045 453 1087 eum
463 1022 498 1087 in
509 1023 663 1089 Insubres
676 1024 784 1087 statim
797 1045 867 1088 esse
875 1021 1071 1111 degressum
1079 1023 1246 1088 affirmat.

164 1125 263 1188 Nunc
278 1139 387 1187 autem
409 1123 435 1186 si
452 1123 485 1201 iu
500 1123 583 1190 libro
599 1124 741 1189 XXXIV
757 1124 971 1201 Hannibalem
987 1124 1117 1187 Cottiae
1128 1125 1247 1212 'Alpes

162 1245 331 1311 superasse
343 1222 572 1313 contenderet,
587 1241 621 1290 et
635 1225 680 1288 ita
692 1223 734 1289 ad
747 1225 908 1289 Taurinos
924 1223 1030 1313 primo
1044 1223 1245 1306 devenisse,

164 1341 221 1389 aut
232 1325 302 1407 hic,
314 1341 370 1389 aut
382 1324 446 1389 illic
461 1325 595 1416 indigue
610 1342 746 1391 errasset
761 1349 769 1389 :
786 1347 847 1390 nec
860 1324 929 1389 fieri
941 1341 1070 1412 potest,
1087 1340 1129 1389 ut
1144 1326 1247 1414 Poly·

165 1426 238 1491 bius
254 1427 323 1508 ille,
339 1449 436 1515 quem
449 1428 644 1517 sapientem,
656 1427 724 1491 veri
737 1442 915 1507 amantem,
928 1425 991 1489 sibi
1005 1447 1145 1513 semper
1162 1448 1245 1488 con·

164 1544 303 1593 stantem
311 1576 319 1609 ,
327 1545 359 1593 et
366 1544 514 1597 veterum
526 1545 559 1593 et
570 1527 787 1594 recentiorum
800 1549 895 1591 voees
907 1526 1131 1609 celebravere,
1140 1550 1244 1614 quem

164 1631 279 1694 bonum
301 1645 458 1697 auctorem
473 1631 611 1720 appellat
624 1630 768 1711 Tullius,
783 1629 824 1694 de
846 1629 911 1693 Off.
927 1630 976 1692 111
985 1655 1000 1709 ,·
1010 1626 1073 1710 32,
1090 1629 1126 1690 in
1150 1650 1191 1691 ea
1208 1648 1244 1691 rc

165 1747 230 1795 tam
246 1754 266 1794 a
279 1753 313 1795 se
329 1730 474 1796 diversus
490 1731 660 1820 arguatur!
677 1731 798 1795 Nonne
813 1729 985 1818 ‘prudentis
1002 1743 1052 1792 est
1068 1730 1182 1793 critici
1202 1729 1243 1792 ad

164 1833 327 1921 cognitam
341 1833 506 1920 scriptoris
522 1832 664 1896 indolem
680 1831 874 1897 attendere?
887 1853 998 1894 nonne
1012 1832 1112 1894 tertis
1129 1832 1243 1894 uiten-

165 1932 246 1996 dum
256 1933 441 2021 principiis,
456 1948 489 1997 et
505 1932 725 2013 evidentibus,
744 1932 866 1997 nedum
880 1931 1157 2018 disceptationem
1176 1954 1243 1994 om·

166 2055 241 2096 nem
259 2033 425 2120 expausis
447 2032 572 2113 verbis,
595 2032 683 2121 apud
704 2048 853 2096 auctores
874 2032 995 2120 quibus
1018 2031 1242 2112 tribuuntur,

164 2156 326 2221 nusquam
341 2134 569 2221 apparentibus
585 2133 759 2199 instituas?
773 2134 858 2197 Talis
875 2133 1020 2197 defensio
1036 2132 1121 2219 quid
1143 2132 1242 2221 profi·

165 2233 210 2298 cit
230 2233 384 2303 adversus
404 2251 595 2324 argumenta
613 2228 714 2299 firmis
737 2233 875 2298 stabilita
891 2232 1135 2315 fundamentis,
1153 2257 1241 2298 uno·

165 2358 228 2423 que
242 2359 310 2399 non
324 2335 499 2400 inficiando
516 2337 632 2401 veteris
648 2336 813 2424 scriptoris
830 2337 921 2415 loco,
940 2335 996 2421 qui
1014 2356 1085 2399 non
1104 2335 1240 2399 deside·

164 2453 273 2518 ratur,
295 2454 327 2501 et
343 2462 441 2525 quem
458 2438 628 2502 ostendere
642 2461 679 2501 ac
696 2436 864 2525 designare
878 2436 980 2500 cuivis
996 2434 1190 2498 adversanti
1205 2436 1238 2496 in

164 2554 318 2626 promptu
340 2539 411 2602 est?
434 2540 526 2602 Hanc
552 2537 684 2624 quidem
701 2537 891 2625 opinionem
911 2535 1081 2625 ingeniose
1102 2534 1239 2599 defendi

164 2661 277 2725 posse,
293 2641 377 2726 ipse,
390 2661 487 2726 quem
502 2639 646 2702 refellere
660 2661 838 2717 conamur,
855 2659 968 2701 recens
984 2634 1128 2723 scriptor
1147 2634 1239 2698 testis

165 2754 231 2802 est:
248 2761 315 2802 non
329 2756 437 2802 tumen
452 2737 580 2802 efficere
594 2738 718 2826 potuit,
730 2753 767 2801 ut
782 2737 1010 2801 demonstratur
1023 2735 1172 2799 veritatis
1186 2734 1236 2797 rel

165 2840 303 2928 speciem
321 2842 432 2928 opinio
447 2863 504 2904 sua
518 2864 583 2928 prae
598 2863 632 2904 se
644 2841 751 2904 ferret.

208 2938 284 3004 Nou
300 2940 462 3006 immerito
479 2941 577 3030 igitur
589 2941 673 3004 hanc
687 2939 916 3004 tantummodo
931 2936 1102 3002 Strabonis
1114 2936 1156 3000 iis
1172 2959 1241 2999 ver·

162 3040 214 3103 bis
233 3064 413 3129 expressam
430 3042 620 3122 credimus,
632 3041 825 3129 Polybiique
844 3040 969 3117 verbis,
988 3038 1044 3101 lib.
1062 3039 1133 3119 ΙΙΙ,
1157 3038 1239 3102 vali-

165 3140 245 3204 dum
262 3142 344 3206 nihil
360 3142 466 3221 objici.
484 3142 680 3224 Quinetiam
692 3143 843 3206 Straboni
860 3161 1066 3228 opponamus
1084 3161 1157 3201 non
1170 3162 1240 3202 me·

165 3241 275 3306 diocre
285 3243 506 3307 testimonium
514 3290 523 3324 ,
532 3244 628 3307 Plinii
638 3243 775 3325 seilicet,
788 3243 845 3330 qui
855 3243 914 3323 ait,
926 3243 1009 3307 Hist.
1019 3241 1095 3305 Nat.
1108 3240 1170 3304 lib.
1179 3241 1241 3319 Ill,

164 3365 234 3432 cap.
251 3366 289 3429 17
302 3365 360 3407 seu
373 3366 432 3406 21:
446 3374 580 3408 .......
591 3345 683 3425 juxta
697 3345 840 3432 geminas
851 3344 985 3431 Alpium
999 3343 1103 3421 fores,
1122 3342 1241 3406 Graias
1302 3360 1305 3365 ’

165 3460 285 3530 «atque
303 3442 464 3507 Penninas
485 3467 493 3508 ι
517 3444 567 3508 his
591 3446 725 3526 Poenos,
751 3445 854 3508 Graiis
877 3443 1051 3507 Herculem
1081 3442 1242 3504 transisse

164 3561 402 3608 «memorant».
423 3545 488 3627 Qui
506 3546 564 3608 etsi
584 3568 651 3609 non
673 3547 845 3611 nobiscum
867 3545 1000 3625 sentiat,
1023 3559 1133 3606 tamen
1158 3543 1243 3607 Livii

165 3662 198 3710 et
211 3646 376 3711 Strabonis
393 3646 618 3711 auctoritatem
635 3649 825 3712 auctoritate
846 3670 905 3712 sua
926 3642 1151 3733 suspendens,
1171 3666 1245 3707 reni

165 3749 199 3810 in
218 3747 320 3811 dubio
338 3748 501 3835 relinquit.
516 3751 559 3813 At
575 3765 718 3812 nostram
741 3750 776 3813 in
800 3766 923 3837 partem
944 3743 1074 3836 pondus
1097 3744 1247 3839 adjicere

168 3847 297 3912 videtur
316 3849 384 3936 ipse
399 3850 526 3932 Livius,
548 3850 603 3914 lib.
619 3851 717 3931 XXl,
738 3873 807 3938 cap.
823 3853 877 3931 41,
903 3871 999 3936 supra
1016 3868 1088 3934 pag.
1108 3844 1172 3927 83,
1192 3846 1247 3911 lris

170 3949 293 4013 verbis:
312 3982 323 4004 «
334 3967 445 4014 utrum
459 3951 619 4016 Hannibal
632 3952 686 4015 hic
701 3952 743 4015 sit
756 3950 889 4014 oemulus
905 3950 1059 4012 itinerum
1069 3945 1247 4029 Herculis,
