2782 4568
153 426 309 517 apponit:
326 449 389 514 qua
408 427 442 489 in
459 426 565 515 operis
585 441 693 514 parte,
710 448 814 514 quum
835 422 1080 513 sagacissimum
1101 426 1226 514 ingenii

154 551 289 594 acumen
305 529 464 608 emineat,
480 527 658 592 dolendum
674 543 723 592 est
737 526 848 591 omnia
863 526 1006 607 incerto,
1023 527 1108 613 quin
1126 527 1226 590 etiam

153 633 233 695 falso
255 629 415 718 principio
438 629 551 709 inniti,
575 628 694 692 scilicet
717 629 838 692 Isaram
858 649 877 689 a
898 626 1226 716 Carthaginiensibus

154 757 223 798 esse
238 732 406 812 trajectum
422 753 429 795 :
444 731 498 795 cui
511 731 658 818 opinioni
674 752 782 817 neque
794 728 967 816 Polybius,
985 751 1097 815 neque
1113 729 1225 792 Livius

153 838 221 901 ullo
232 834 330 899 modo
344 835 461 899 favent.
470 832 522 897 Sic
534 833 622 896 enim
632 854 701 895 rem
713 852 845 895 omnem
861 829 1007 894 ordinat:
1020 831 1226 918 «Postquam

153 939 273 1003 Isaram
286 934 449 1023 superavit
464 933 642 1015 Hannibal,
656 931 788 996 adversa
807 931 958 995 Rhodani
975 931 1045 1018 ripa
1066 931 1130 994 iter
1148 955 1225 1020 per·

154 1060 233 1127 gens
251 1060 355 1124 usque
375 1035 417 1101 ad
431 1035 592 1099 Viennam
609 1035 838 1124 Allobrogum,
861 1033 907 1096 ibi
928 1033 1063 1097 tandem
1084 1033 1127 1097 ad
1148 1033 1226 1098 dex·

155 1158 237 1205 tram
251 1141 285 1203 in
303 1138 537 1203 mediterranea
549 1136 656 1218 flexit,
672 1153 705 1200 et
721 1159 780 1224 per
797 1158 867 1200 eam
880 1135 1098 1224 Allobrogum
1114 1136 1226 1224 regio·

155 1265 245 1323 nem,
262 1263 334 1328 quae
347 1240 484 1304 maxime
496 1224 682 1327 campestris
694 1256 759 1321 est,
771 1239 859 1302 XLV
869 1236 1022 1301 millia‘ire
1032 1237 1225 1320 contendit,

155 1366 230 1406 mox
246 1339 443 1406 Rhodanum
460 1340 500 1404 ad
515 1364 634 1430 pagum
648 1339 852 1403 Satin-Genti
870 1339 989 1402 iterum
1006 1355 1225 1426 assequutus,

154 1465 212 1530 per
222 1444 381 1506 Etannam
392 1439 539 1529 (chne),
547 1441 732 1518 transmisso
744 1456 855 1504 monte
867 1439 1224 1521 dictoMont·du·Cltat,

155 1543 188 1604 in
197 1542 306 1607 vicum
322 1541 503 1628 leBourget
518 1541 648 1622 incidit,
662 1542 833 1628 lacumque
847 1564 886 1603 eo
901 1540 1034 1604 nomine
1049 1565 1227 1631 nuncupa·

156 1660 225 1706 turn
236 1642 403 1707 meridiem
410 1665 522 1706 versus
531 1643 651 1730 legens,
662 1641 746 1705 viani
757 1639 1225 1731 perLemincum(Claambdry)

155 1760 187 1808 et
211 1744 556 1819 Montem·lllelianum
581 1740 828 1831 (Montme'lian)
851 1743 1001 1809 instituit
1024 1743 1108 1815 lude
1132 1746 1226 1811 vallis

156 1868 253 1933 quam
269 1846 356 1908 Isara
373 1843 530 1915 interfluit
542 1845 645 1911 varios
659 1846 820 1910 anfractus
835 1862 1097 1934 praetergressus,
1111 1847 1227 1914 Graias

155 1947 250 2033 Alpes
276 1944 495 2027 transcendit;
524 1945 613 2009 unde
635 1970 695 2034 per
717 1948 875 2028 Salassos,
899 1947 1082 2012 secundum
1109 1952 1226 2015 laevam

155 2047 263 2110 Dorice
275 2047 390 2111 Balteae
406 2048 528 2135 ripam,
546 2070 718 2112 romanum
735 2049 908 2137 imperium
925 2049 1125 2115 invaderet».

200 2149 288 2213 Num
298 2149 398 2239 igitur
408 2150 543 2239 longum
557 2151 646 2215 hunc
657 2151 845 2232 circuitum,
858 2169 955 2239 quem
967 2151 1056 2215 doct.
1067 2154 1227 2219 Letronne

156 2251 274 2316 merito
290 2266 384 2316 vocat
401 2274 444 2323 un
461 2249 573 2334 detour
586 2253 653 2317 bien
673 2248 817 2339 c'tmnge,
832 2268 889 2315 aut
904 2251 1030 2340 Polybii
1043 2252 1150 2335 liber,
1168 2273 1226 2321 aut

156 2353 256 2441 ipsius
277 2353 378 2418 Delus
398 2353 509 2440 opinio
529 2352 731 2418 defendenda
749 2352 956 2441 postulabat?
971 2375 1038 2419 non
1057 2355 1105 2419 ita
1122 2379 1224 2420 sane:

157 2457 267 2523 omnia
279 2455 348 2519 haec
363 2478 401 2520 ex
416 2455 516 2544 ipsius
535 2456 676 2518 auctoris
693 2456 826 2543 ingenio
843 2454 987 2544 profecta
1000 2472 1096 2540 sunt,
1115 2480 1224 2549 neque

156 2557 220 2620 ulla
237 2556 395 2621 librorum
407 2557 598 2623 auctoritate
614 2557 775 2622 nituntur.
824 2585 840 2599 ··

201 2657 364 2722 Hannibal
375 2657 473 2738 enim,
481 2681 583 2745 quum
592 2659 755 2722 Romanos
763 2657 951 2723 declinasset
958 2657 1000 2721 ad
1008 2658 1221 2742 Rhodanum,

157 2781 223 2821 non
239 2782 309 2822 cam
331 2759 494 2848 ingressus
513 2775 561 2822 est
575 2759 675 2840 viam,
693 2782 758 2847 qua
776 2759 921 2847 proxime
937 2757 977 2822 ad
992 2759 1091 2845 Alpes
1105 2782 1222 2848 perre-

157 2860 299 2941 niretur,
314 2859 469 2942 sedeam,
488 2883 552 2947 qua
566 2860 674 2925 minus
687 2860 820 2924 obvium
834 2861 904 2923 l'ore
915 2858 1044 2929 hostem
1062 2876 1172 2944 ratus,
1187 2862 1221 2925 io

157 2963 281 3026 Italiam
293 2962 387 3026 citius
397 2962 438 3026 ad
447 2963 566 3026 amicos
575 2985 609 3026 se
619 2964 795 3042 conferrem
805 2960 944 3047 ideoque
954 2963 1222 3046 septemtrionem

157 3086 269 3128 versus
284 3086 399 3152 agmen
414 3063 547 3127 adverso
566 3062 700 3127 flumine
715 3064 831 3152 raptim
845 3063 918 3151 egit.
932 3064 1054 3127 Verum
1072 3063 1130 3127 ubi
1146 3087 1222 3152 per-

156 3182 293 3229 ventum
305 3164 345 3228 ad
353 3166 484 3248 Isaram,
492 3164 635 3252 quaejam
648 3188 742 3229 causa
752 3181 829 3247 erat,
839 3187 897 3229 cur
905 3162 946 3227 ad
955 3165 1221 3251 septemtrionem

158 3284 325 3356 pergeret,
342 3282 464 3329 etcum
480 3287 608 3331 amnem
625 3267 711 3330 inter
726 3289 760 3329 se
776 3281 808 3328 et
821 3268 984 3329 Romanos
1000 3264 1148 3332 medium
1163 3266 1220 3329 ha-,

158 3367 270 3432 heret?
279 3369 489 3454 Compertum
499 3383 585 3430 certe
595 3368 810 3455 exploratores
817 3367 882 3446 jam
891 3367 1043 3447 fecerant,
1053 3369 1219 3432 consulem

157 3470 199 3534 ad
211 3491 298 3533 nrarc
310 3491 346 3531 ac
361 3491 455 3532 naves
466 3491 670 3556 properasse,
679 3471 864 3555 omissoque
873 3467 1093 3556 prosequendi
1106 3470 1221 3533 Poenos

157 3569 294 3634 consilio
301 3618 309 3651 ,
317 3569 382 3648 jam
392 3570 426 3632 in
436 3569 531 3632 litora
543 3569 642 3634 Italiae
652 3593 763 3658 proras
770 3571 915 3644 vertisse,
923 3586 961 3633 ut
969 3568 1221 3633 descendentem

157 3697 176 3737 a
192 3671 360 3735 montibus
382 3654 596 3735 Hannibalem
612 3672 701 3758 prior
717 3672 887 3759 exciperet.
906 3672 1025 3734 Isaram
1041 3692 1121 3734 vero
1142 3687 1222 3735 tunc

159 3796 228 3839 esse
246 3771 412 3852 trajectum
428 3795 588 3860 nusquam
606 3772 641 3836 in
656 3773 792 3861 Polybio
808 3772 1005 3854 invenimus,
1026 3770 1150 3861 quippe
1166 3771 1225 3859 qui

159 3899 236 3941 eum
254 3874 295 3939 ad
307 3875 450 3939 Insulam
466 3876 648 3962 pervenisse
659 3874 866 3939 solummodo
880 3890 1006 3956 narrat,
1022 3874 1102 3938 item
1112 3874 1224 3938 Livius

159 3974 293 4040 aitzuad
309 3975 450 4042 Insulam
463 3977 608 4062 pervenit
618 4008 641 4040 ι».
651 3976 774 4040 Neuter
781 3993 889 4055 autem
898 3977 1014 4041 Poeuos
1029 3975 1062 4038 in
1078 3974 1224 4042 Insulam
