2782 4568
1082 297 1107 332 Α.
1118 293 1141 333 C.
1157 296 1204 333 πθ.

175 311 244 393 236
597 315 634 381 T.
670 316 809 383 LIVII
1081 354 1144 396 uc.
1157 357 1205 396 sse.

172 450 276 524 rant,
301 436 364 530 qui
387 434 554 530 magister
580 435 744 531 equitum
766 435 887 531 priore
911 443 1069 520 a1111012,
1092 433 1232 530 aliquot

173 561 255 617 ante
273 543 399 616 consul
412 542 529 614 fuerat
543 570 550 612 :
566 546 937 641 octogintapraeterea
954 558 1015 613 aut
1029 560 1230 627 senatores,

172 670 234 728 aut
246 657 310 752 qui
323 679 384 726 eos
397 656 624 752 magistratus
640 656 830 752 gessissent
839 651 883 741 ¹³,
897 652 997 724 unde
1011 655 1049 724 in
1066 669 1232 728 senatum

173 767 242 864 legi
260 763 455 853 deberent,
471 789 586 861 quum
599 791 663 836 sua
676 766 861 836 voluntate
878 763 1008 834 milites
1024 764 1062 833 in
1078 763 1231 858 legioni-

172 875 243 947 bus
258 874 342 946 facti
358 890 487 947 essent.
508 879 620 972 Capta
637 900 681 946 eo
697 875 819 972 praelio
837 876 903 944 tria
920 873 1031 944 millia
1048 871 1231 970 peditum,

175 1001 218 1057 et¹
229 988 368 1082 equites
387 987 539 1057 trecenti
556 985 736 1057 dicuntur.

221 1101 260 1167 L.
283 1103 365 1168 Haec
380 1112 434 1168 est
452 1121 575 1194 pugna
586 1097 807 1182 Cannensis,
824 1094 972 1167 A'llieusi
990 1093 1082 1166 cladi
1100 1093 1232 1164 nobili-

175 1222 248 1277 tate
261 1231 326 1304 par
336 1235 343 1276 :
355 1223 523 1279 caeterum
536 1222 577 1278 ut
591 1207 675 1296 illis,
690 1231 770 1303 quae
784 1220 866 1303 post
880 1229 1040 1301 pugnam
1055 1203 1232 1289 accidere,

175 1317 305 1404 levior,
324 1319 408 1415 quia
426 1316 471 1387 ab
488 1316 591 1388 hoste
610 1330 786 1388 cessatum
805 1330 879 1402 est;
900 1315 949 1384 sic
968 1328 1084 1409 strage
1102 1311 1234 1382 exerci-

175 1442 233 1496 tus
249 1429 390 1522 gravior
401 1424 614 1521 foediorque.
632 1432 728 1521 Fuga
744 1448 901 1521 namque
917 1422 962 1492 ad
974 1412 1099 1492 Alliam
1113 1432 1123 1462 ¹
1142 1422 1234 1491 sicut
1306 1428 1308 1432 ’

175 1536 304 1608 urbem
317 1535 494 1633 prodidit,
509 1537 557 1606 ita
569 1536 765 1606 exercitum
780 1534 932 1605 servavit
947 1560 954 1600 :
969 1531 1013 1602 ad
1026 1537 1167 1603 Cannas
1180 1529 1234 1600 fu·
1324 1588 1332 1603 .

171 1784 241 1831 pers.
255 1767 336 1815 Possis
350 1779 375 1815 et
390 1783 463 1831 ecqua
478 1782 524 1832 pro
543 1777 621 1814 tanta.
636 1763 684 1813 Sed
727 1766 773 1824 ctI,
782 1775 906 1815 senatores
915 1764 1013 1828 quidem
1024 1779 1076 1810 non
1088 1772 1169 1820 eraut,
1179 1759 1237 1819 sed,

176 1857 288 1894 neutrum
300 1847 436 1910 probabile.
728 1845 784 1907 quita
800 1844 937 1892 honoribus
953 1843 1039 1908 populi
1056 1842 1095 1889 usi
1111 1850 1192 1898 erant,
1209 1841 1236 1889 in

216 1940 255 1972 12.
269 1927 304 1972 M.
317 1925 464 1979 Minucium,
479 1923 522 1987 qui
534 1940 599 1988 mag.
612 1922 685 1986 equit.
728 1934 837 1970 senatum
853 1921 998 1981 veniebant,
1016 1933 1041 1969 et
1058 1918 1184 1967 sententiae
1196 1918 1237 1979 jus

172 2001 258 2068 priore
271 2019 337 2050 anno
350 2003 417 2068 (vid.
431 2020 484 2068 cap.
490 2004 565 2061 VIII,
579 2018 609 2048 12
624 2001 685 2066 sq.),
728 2002 866 2050 habehant:
879 2018 936 2048 nam
947 2012 971 2048 et
982 2000 1105 2062 curulibus
1116 1997 1237 2061 magistra-

178 2082 274 2147 aliquot
285 2082 354 2130 aunis
367 2093 424 2130 ante
435 2081 624 2146 eonsulfiterat,
635 2081 686 2129 scil.
730 2081 795 2128 tibus
804 2081 894 2140 functi,
902 2080 945 2143 qui
955 2079 1065 2127 nondum
1074 2095 1088 2126 a
1096 2075 1238 2124 censoribus

179 2178 217 2208 an.
230 2161 291 2209 Urb.
304 2161 362 2208 531.
729 2161 757 2207 in
770 2171 878 2208 senatum
889 2160 946 2207 lecti
959 2171 1039 2216 etant,
1052 2168 1173 2205 senatores
1186 2170 1238 2201 non

217 2242 257 2288 13.
270 2243 465 2298 Autsenatores‚
476 2252 522 2287 aut
531 2239 574 2304 qui
584 2255 624 2285 eos
635 2255 686 2286 ma-
731 2251 815 2302 erant;
829 2250 867 2297 et,
882 2239 939 2301 quia
958 2239 986 2284 iu
1004 2237 1133 2302 postremis
1153 2233 1239 2296 scripti

177 2319 293 2383 gistratus
308 2319 448 2384 gessissent,
461 2319 539 2376 unde,
556 2317 687 2380 equibus,

180 2399 204 2444 h.
223 2414 244 2445 e.
261 2398 349 2460 quibus
365 2399 452 2462 gestis,
471 2399 495 2445 iu
514 2408 623 2445 senatum
641 2397 689 2461 legi

180 2475 305 2532 deberent,
313 2493 347 2525 sc.
355 2477 507 2540 magistratus
516 2474 610 2523 currales
618 2490 624 2523 :
633 2492 688 2522 uam

181 2556 297 2604 inlocum
304 2568 442 2603 senatorum
449 2555 689 2613 demortuorum,vel

118 2649 120 2653 ’
182 2645 266 2682 senatu
275 2646 397 2681 motorum
405 2635 454 2681 hia
465 2634 606 2681 censoribus
616 2633 690 2698 primi

182 2725 207 2762 et
217 2729 267 2778 prae
279 2714 372 2760 caeteris
380 2714 428 2776 legi
438 2712 549 2759 solebant
559 2712 689 2760 debebant·
710 2713 720 2729 ”

183 2809 243 2857 que,
257 2792 346 2839 deinde
362 2790 417 2851 alii,
433 2793 475 2854 qui
493 2792 599 2838 minores
615 2793 689 2856 magi-

183 2883 272 2920 stratus
291 2871 406 2934 gerebant
425 2882 466 2917 aut
485 2882 619 2934 gesserant;
634 2871 690 2919 vide

184 2952 240 2998 infr.
261 2951 363 3006 XXIII,
381 2949 422 2996 23.
442 2949 512 2996 Festi.
524 2949 597 2995 verba
617 2961 690 2999 sunt:

183 3030 256 3092 «Qui
271 3040 328 3093 post
344 3030 447 3076 lustrum
463 3028 589 3076 conditum
609 3046 640 3076 ex
653 3031 692 3089 ju-

185 3108 296 3157 nioribus
313 3109 477 3171 magistratum
495 3124 594 3171 cepere,
611 3109 637 3154 in
656 3126 693 3155 so·

185 3199 244 3235 natu
264 3187 409 3234 sententiam
429 3186 528 3243 dicunt,
546 3198 692 3234 nontamen

186 3278 308 3314 senatores
323 3278 442 3314 vocantur
454 3278 525 3325 ante,
538 3283 610 3328 qnam
621 3267 648 3313 in
660 3284 694 3314 se·

186 3345 298 3393 uioribus
308 3355 364 3391 sunt
373 3347 451 3393 censi:
459 3368 471 3386 ι»
481 3357 505 3393 et
515 3346 577 3394 Gell.
585 3348 636 3403 III,
649 3347 693 3393 18:

186 3446 199 3466 «ι
212 3424 271 3471 Non
282 3423 354 3487 pauci
365 3435 437 3481 sunt,
449 3425 491 3486 qui
500 3425 644 3488 opinantur,
652 3441 695 3487 pc-

187 3503 268 3551 darios
287 3513 409 3555 senatores
424 3503 571 3566 appellatos,
587 3503 629 3565 qui
641 3519 695 3550 scn-

186 3584 287 3630 tentiam
297 3582 322 3627 in
331 3592 416 3628 senatu
424 3597 474 3627 non
484 3581 564 3628 verbIs
575 3581 694 3639 dicerent,

731 2330 812 2378 erant,
821 2334 872 2365 non
878 2317 1025 2381 rogabantur
1031 2314 1173 2372 sententias,
1182 2312 1238 2371 sed,

732 2415 790 2462 quas
801 2398 923 2462 principes
936 2397 1059 2455 disserant,
1069 2395 1096 2440 in
1108 2408 1148 2441 eas
1161 2391 1239 2438 disee-

732 2478 828 2525 debant.
844 2479 899 2524 Hoc
912 2473 1050 2539 significant
1063 2473 1136 2521 verba
1150 2471 1238 2527 edicti,

733 2573 781 2620 quo
794 2573 860 2604 nunc
873 2571 971 2619 quoque
983 2547 1106 2610 eonsules,
1120 2567 1195 2615 quum
1206 2565 1240 2598 se-

733 2647 829 2683 natores
844 2635 871 2681 in
887 2635 978 2682 curiam
997 2643 1102 2689 vocant,
1118 2641 1239 2677 utuntur:

734 2715 921 2762 SENATORES
940 2712 1128 2774 QUIBUSQUE
1141 2709 1179 2756 IN
1195 2710 1241 2755 SE·

733 2793 826 2840 NATU
841 2791 1053 2839 SENTENTIAM
1065 2789 1185 2836 DICERE
1197 2790 1241 2834 LI·

735 2871 962 2927 CET.»Cf.adI‚
978 2868 1121 2926 32,n.13;
1137 2869 1241 2923 XXIII,

737 2951 975 3009 32,n.2;xxv1‚
992 2949 1056 3010 spr.
1069 2948 1182 3003 XXVII,
1194 2949 1242 3004 34,

736 3047 760 3076 n.
776 3031 790 3076 3
809 3026 868 3092 (qui
884 3028 954 3074 locus
967 3026 1016 3073 huc
1031 3025 1157 3072 refertura
1172 3026 1242 3087 Sigo-
1329 3044 1332 3049 ⁴

737 3109 791 3166 niu,
803 3107 845 3155 sed
857 3107 887 3154 de
897 3108 933 3155 M.
943 3105 1013 3151 Livio
1024 3104 1088 3166 agit,
1100 3104 1142 3165 qui
1154 3103 1187 3149 ob
1201 3103 1242 3148 do-

737 3188 814 3234 lorem
831 3187 913 3250 potius
931 3196 955 3232 et
973 3185 1033 3231 iram
1046 3183 1188 3245 'ignominia
1201 3199 1241 3228 ac-

738 3261 1241 3331 ceptaesenatorispartesagererecusavit,

738 3346 818 3394 donee
842 3344 940 3407 cognati
961 3360 1015 3390 eum
1043 3340 1149 3389 hominis
1172 3356 1243 3386 causa

737 3436 840 3472 stantem
859 3423 937 3487 coegit
953 3421 978 3468 in
999 3432 1085 3468 senatu
1102 3418 1244 3466 senteutiam

740 3500 847 3565 dicere),
867 3513 891 3549 et
907 3502 1032 3554 XXVIII,
1048 3499 1092 3557 45,
1111 3515 1135 3545 n.
1154 3501 1167 3546 3
1186 3497 1244 3563 (ubi

739 3598 790 3629 vox
798 3592 896 3628 senator
907 3596 919 3625 a
931 3579 1013 3625 multis
1022 3581 1085 3628 MSS
1094 3579 1162 3626 abest
1172 3577 1244 3641 prob.

188 3661 231 3708 sed
253 3662 279 3707 in
303 3660 405 3706 alienam
427 3660 570 3706 seutentiam
591 3660 695 3723 pedibus
740 3659 994 3721 Gronovio,quia1i11
1012 3670 1120 3711 senatum
1135 3656 1244 3703 venerint

188 3740 259 3786 irent.
273 3739 341 3800 Quid
353 3738 439 3801 igitur,
453 3755 527 3801 quum
538 3750 695 3786 senatuscon·
738 3741 830 3805 plures,
840 3738 970 3802 pluresque
976 3738 1118 3785 senteutIam
1126 3734 1244 3790 dixerint,

188 3818 278 3887 sultuna
286 3834 330 3879 per
340 3817 509 3864 discessionem
519 3816 604 3876 fiebat,
614 3835 695 3866 noune
740 3835 811 3882 quam
822 3816 967 3881 senatores);
976 3819 1071 3864 Manut.
1080 3816 1110 3861 dc
1120 3817 1174 3861 Seu.
1182 3830 1243 3860 rom.

189 3895 296 3943 universi
307 3908 429 3944 senatores
438 3898 581 3945 sententiam
592 3897 696 3961 pedibus
741 3914 792 3960 cap.
805 3913 830 3952 r,
840 3914 865 3960 p.
876 3897 925 3956 906
932 3933 939 3953 ‚
947 3897 973 3942 in
982 3896 1054 3943 Thes.
1064 3896 1143 3942 Graev.

190 3973 315 4022 serebant?
326 4003 359 4009 -
368 3979 447 4023 Irurno
456 3977 549 4040 pedarii
560 3978 632 4035 dicu,
642 3977 696 4039 qni,
775 3977 835 4024 Car.
844 3978 872 4023 L.
886 3991 905 4020 r.
918 3978 986 4039 Fuga
997 3990 1101 4038 reamque
1109 3973 1146 4020 ad
1154 3973 1245 4020 Alliam

191 4052 299 4104 nondum
316 4055 483 4102 accusoribus
497 4059 522 4102 in
539 4068 647 4104 senatum
662 4057 694 4103 le·
741 4055 810 4119 (ride
822 4057 856 4107 V,
878 4052 925 4117 38)
948 4055 1032 4100 Urbem
1046 4053 1174 4117 proclidio
1191 4051 1245 4097 vide
