2782 4568
517 261 677 327 LIBER
708 259 836 326 XXII.
1136 259 1202 332 135

183 379 316 440 deserere
330 371 525 436 decreverant.
542 413 579 421 —
595 382 677 450 L1V;
694 379 834 455 Fugitivi,
849 377 899 455 qui
910 379 1066 436 Venusiam
1079 381 1115 437 ad
1127 387 1204 439 Var-

80 515 83 520 ,
183 491 284 528 runem
298 485 504 549 pervenerant,
516 470 553 529 ab
565 491 600 529 eo
612 474 768 531 Canusium
783 472 981 530 traducuntur.
998 477 1096 530 Romae
1110 487 1204 532 tantus

183 585 275 644 pavor
291 564 485 641 tumultusque
499 577 555 636 est,
568 578 600 622 ut
614 565 710 623 verbis
726 567 848 643 exprimi
866 579 999 642 nequeat.
1014 591 1053 609 —·
1068 571 1133 635 LV;
1150 570 1204 625 Se—

183 670 265 713 natus
282 657 439 714 consulitur
453 677 469 714 a
483 656 656 733 praetoribus
673 658 709 716 de
725 659 856 716 custodia
869 657 974 717 Urbis:
990 658 1096 716 Fabius
1112 671 1207 715 autem

179 763 289 822 censet,
301 749 452 827 expeditos
467 750 546 828 prius
560 752 671 828 equites
686 752 854 821 mittendos,
869 752 919 827 qui
935 765 1013 808 certa
1024 752 1164 821 referant,
1179 761 1208 806 et

183 841 310 918 quietem
327 843 530 919 silentiumque
546 844 576 900 in
591 844 670 904 Urbe
690 844 908 901 restituendum.
921 878 961 888 --
974 848 1056 914 LVI;
1073 844 1177 902 Literae
1192 865 1209 903 a

184 934 320 992 Terentio
338 937 456 995 consule
473 937 648 1009 afferuntur,
666 957 837 1012 sacrumque
853 936 1080 994 anniversarium
1096 938 1209 995 Cereris

183 1028 382 1087 intermittitur
393 1030 432 1087 ob
447 1031 569 1102 luctum,
582 1031 632 1107 qui
644 1029 893 1087 senatusconsulto
908 1028 1009 1086 diebus
1024 1049 1083 1086 xxx
1098 1030 1209 1101 linitur,

184 1140 219 1176 ne
234 1122 291 1178 alia
303 1142 420 1198 quoque
433 1143 515 1180 sacra
529 1121 706 1180 deserantur.
720 1121 867 1191 Patribus,
880 1133 945 1198 post
958 1121 1088 1178 sedatum
1102 1123 1210 1179 tumul-

186 1225 246 1270 tum
263 1214 294 1271 in
312 1215 422 1273 curiam
439 1217 597 1287 revocatis,
614 1216 766 1273 nuntiatur
778 1215 815 1272 ab
829 1220 862 1272 T.
877 1215 1002 1274 Otacilio
1016 1227 1210 1292 propraetore,

185 1305 273 1363 classe
287 1308 394 1384 punica
407 1326 531 1385 regnum
542 1309 649 1366 vastari
663 1307 815 1376 Hieronis,
831 1306 973 1382 aliamque
989 1304 1026 1362 ad
1040 1311 1150 1383 AEgates
1164 1307 1210 1363 in-

184 1399 260 1456 sulas
273 1412 364 1470 stare,
375 1400 473 1475 itaque
487 1420 565 1458 nova
579 1398 634 1457 sibi
647 1401 735 1456 classe
748 1419 822 1476 opus
837 1417 907 1455 esse.
920 1433 962 1450 -η
971 1403 1068 1470 LV11;
1082 1400 1211 1457 Vestales

185 1491 250 1548 duae
262 1492 355 1569 stupri
367 1505 537 1569 compertae,
548 1493 660 1569 aliaque
670 1491 811 1570 prodigia.
822 1495 857 1561 Q.
866 1490 971 1548 Fabius
978 1491 1212 1570 PictorDelphos

184 1582 308 1639 mittitur
320 1585 494 1642 sciscitatum
509 1584 545 1660 de
559 1585 720 1662 placatione
735 1583 857 1641 deorum
872 1603 905 1640 ac
920 1582 989 1643 belli
1005 1584 1069 1640 fine.
1092 1585 1212 1642 Interim

186 1691 223 1728 ex
242 1673 375 1732 fatalibus
392 1674 472 1732 libris
489 1696 570 1734 sacra
584 1677 694 1753 aliquot
711 1675 941 1733 extraordinaria
956 1677 1044 1734 fiunt:
1059 1676 1134 1733 inter
1149 1697 1213 1754 quae

186 1764 287 1822 Gallus
298 1778 327 1823 et
337 1756 432 1838 Galla,
445 1772 562 1826 Graecus
574 1781 603 1825 et
611 1774 725 1839 Graeca,
738 1767 768 1824 in
780 1768 845 1824 loro
856 1767 959 1825 boario
971 1766 1024 1824 sub
1036 1780 1140 1824 terram
1153 1767 1213 1825 vivi

186 1857 387 1916 demittuntur.
409 1865 450 1917 M.
468 1859 605 1919 Claudius
623 1861 777 1918 Marcellus
801 1859 838 1917 ab
859 1861 941 1919 Ostia
963 1861 1067 1918 milites
1090 1865 1213 1919 Romam

187 1951 288 2024 mittit,
302 1966 332 2010 et
348 1973 413 2011 curn
428 1953 512 2032 tertia
523 1953 636 2030 legione
651 1953 801 2010 contendit
819 1954 990 2026 Canusium,
1008 1967 1040 2011 ut
1055 1945 1228 2010 enercitum¹

187 2042 228 2101 ibi
244 2065 261 2103 a
277 2047 395 2105 consule
413 2047 544 2125 accipiat.
560 2053 587 2106 A
602 2053 642 2106 Μ.
652 2046 739 2108 Junio
754 2046 895 2105 dictatore
910 2045 1077 2104 scribuntur
1089 2059 1215 2121 quatuor

188 2137 329 2215 legiones,
342 2153 371 2197 et
382 2153 448 2198 octo
460 2140 550 2199 millia
561 2159 713 2199 servornm
725 2151 883 2196 armantur.
892 2174 925 2184 -
933 2141 1043 2207 LV111;
1056 2134 1214 2208 Hannibal,

189 2233 309 2308 captivis
328 2233 480 2313 productis
494 2233 722 2312 segregatisque,
738 2231 832 2288 socios
851 2231 912 2287 sine
929 2229 1024 2306 pretio
1041 2227 1172 2299 dimittit,
1187 2240 1216 2283 et

189 2327 326 2384 Romanis
345 2325 505 2384 redimendi
521 2347 551 2384 se
571 2326 684 2403 copiam
706 2323 782 2382 facit.
797 2320 844 2380 Ab
862 2321 907 2378 lais
924 2320 1024 2377 decern
1041 2325 1162 2378 Romam
1179 2319 1215 2377 ad

190 2431 319 2475 senatum
333 2421 499 2488 mittuntur,
513 2402 666 2496 postquam
676 2417 847 2494 juraverant
859 2434 889 2472 se
901 2412 1047 2471 redituros
1060 2434 1066 2468 :
1080 2432 1096 2468 e
1110 2410 1216 2488 quibus

190 2527 278 2580 unus,
290 2511 370 2568 velut
385 2510 494 2587 aliquid
512 2509 635 2581 oblitus,
649 2511 679 2567 in
695 2521 787 2567 castra
802 2507 893 2579 redit,
909 2520 938 2565 et
952 2519 1017 2567 aute
1034 2517 1148 2563 noctem
1162 2524 1215 2562 co-
1266 2588 1268 2591 Ι

190 2602 273 2660 mites
289 2605 460 2679 assequitur.
478 2638 519 2651 -
535 2608 618 2674 ΠΧ,
638 2603 774 2678 Princeps
788 2621 904 2672 eorum,
921 2605 961 2657 M.
972 2599 1090 2669 Iunius,
1106 2598 1217 2656 oratio-
1233 2651 1238 2660 ,

192 2711 257 2751 nem
277 2695 306 2753 in
329 2707 431 2753 senatu
452 2693 549 2755 babet.
569 2727 610 2739 -
629 2700 699 2765 LX;
717 2698 750 2751 T.
763 2694 888 2751 Manlius
898 2697 1062 2768 Torquatus
1076 2691 1217 2760 ostendit,

195 2786 322 2862 captivos
339 2788 418 2844 haud
440 2787 542 2863 dignos
563 2806 640 2858 esse,
660 2786 710 2862 qui
734 2785 921 2843 redimantur.
940 2818 975 2826 -
992 2780 1077 2853 LXI;
1096 2787 1217 2842 Senatus

195 2891 292 2934 censet
302 2898 350 2936 eos
362 2900 421 2937 non
433 2877 633 2948 redimendos,
645 2891 674 2934 et
684 2879 809 2956 legatum
822 2896 938 2954 quoque
952 2875 1047 2946 illum,
1061 2877 1111 2951 qui
1124 2874 1217 2930 fallaci

194 2969 289 3028 reditu
300 2971 330 3029 in
342 2986 434 3030 castra
443 2971 634 3051 jurejurando
645 2990 675 3027 se
685 2970 865 3040 exsolvisset,
879 2965 1081 3025 deducendum
1093 2964 1129 3022 ad
1143 2969 1219 3022 Han-

194 3060 320 3119 nibalem
339 3083 408 3121 esse.
426 3065 492 3123 Alia
510 3063 546 3120 de
564 3063 609 3121 his
625 3062 725 3140 legatis
742 3063 825 3120 lama.
847 3061 932 3124 Multi
951 3058 1040 3116 Italiae
1058 3056 1160 3135 populi
1181 3053 1218 3113 ad

193 3158 300 3213 Poenos
313 3155 456 3215 deficiunt.
473 3161 575 3232 Neque
587 3168 681 3212 tamen
693 3155 772 3233 pacis
787 3154 847 3211 ulla
860 3153 968 3210 mentio
981 3149 1059 3227 apud
1073 3154 1219 3207 Romanos

194 3245 242 3316 fit3
260 3260 289 3305 et
300 3250 411 3308 consuli
427 3249 560 3307 redeunti
578 3266 678 3304 omnes
697 3246 813 3305 obviam
830 3257 900 3301 eunt
913 3243 1045 3313 ordines,
1057 3242 1219 3318 gratiasque

196 3353 297 3415 agunt,
310 3341 388 3418 quod
401 3343 438 3399 de
450 3341 601 3419 republica
613 3359 673 3397 non
685 3337 892 3415 desperaverit.
926 3419 929 3427 Ι

158 3557 188 3623 Ι.
211 3505 312 3626 Jam
333 3581 396 3627 ver
417 3553 645 3653 appetebat1‚
664 3576 779 3650 quum
797 3549 977 3623 Hannibal
998 3575 1043 3619 ex
1061 3545 1222 3617 hibernis

157 3666 293 3755 movit,
321 3681 357 3737 et
389 3666 639 3763 nequidquam
668 3678 751 3735 ante
780 3652 930 3734 conatus
966 3655 1221 3731 transcendere

196 3871 257 3919 Cae.
268 3874 289 3919 1.
306 3875 396 3920 1.Jam
408 3887 454 3918 ner
462 3873 593 3937 appetebat
603 3870 671 3938 (vide
714 3871 808 3934 alpina,
831 3885 951 3933 regressus
977 3882 1007 3914 eo
1028 3881 1060 3912 ex
1081 3861 1220 3927 Liguribus.

161 3946 193 3996 ad
206 3950 239 4007 V,
251 3965 296 4013 19,
312 3967 338 4000 n.
355 3949 399 4016 a),
416 3967 490 4015 quum
501 3951 628 4000 Hannibal
639 3967 672 4001 ex
716 3950 806 3999 Confer
819 3950 896 4008 XXI,
911 3947 961 4010 59,
978 3957 1002 3993 et
1016 3943 1103 4009 Polyb.
1113 3944 1167 4000 ΠΙ,
1182 3955 1223 4000 77·

160 4026 266 4076 hibernis
276 4029 363 4089 movit,
377 4046 432 4094 quae
441 4031 492 4094 egit
501 4031 613 4080 inGallia
622 4030 672 4079 Cit-
715 4057 750 4067 -
760 4029 850 4078 Noster
859 4027 922 4077 Cod.
935 4029 995 4089 Reg.
1008 4024 1089 4085 5730,
1108 4018 1225 4082 antiquis·
