2782 4568
206 300 277 400 296
632 299 671 367 T.
704 298 844 365 mvn
1124 275 1252 380 etet:

205 440 279 511 est,
294 420 380 494 urbs
395 418 535 516 direpta
549 431 658 515 atque
674 418 829 488 incensa.
847 414 976 488 Nolam
991 417 1181 490 Marcellus
1196 447 1278 493 nou

203 536 259 608 sui
272 534 381 628 magis
395 528 527 600 fiducia
540 527 712 626 praesidii,
725 551 834 623 quam
847 527 1035 597 voluntate
1050 528 1276 626 principum,

204 643 364 719 habebat
385 668 394 713 ι
416 640 543 740 plebes
567 637 780 725 timebatur,
800 653 836 708 et
858 652 941 708 ante
966 662 1094 710 omues
1117 645 1158 712 L.
1179 644 1276 711 Ban-

203 759 277 829 tius
286 767 314 840 2,
326 776 437 851 quem
451 775 648 822 cousensus
661 763 844 819 attentatae
860 747 1086 836 defectionis,
1099 775 1140 821 ac
1154 766 1276 823 metus
1300 746 1305 755 ’

204 893 227 941 tt
243 879 393 964 praetore
408 886 560 934 romano
574 885 674 931 uunc
688 857 732 929 ad
747 858 991 956 proditionem
1003 861 1144 955 patriae,
1155 884 1274 950 nunc,

203 977 233 1053 si
252 975 350 1045 adid
373 971 517 1043 fortuna
536 967 725 1055 defuisset,
745 968 790 1040 ad
812 967 1124 1066 transfugiendum
1143 971 1274 1041 stimu-

206 1084 314 1159 labat.
340 1087 425 1152 Erat
444 1081 588 1175 juvenis
609 1104 708 1169 acer,
729 1093 764 1150 et
787 1082 969 1151 sociorum
995 1104 1036 1150 ea
1058 1094 1275 1177 tempestate

206 1221 323 1296 prope
337 1192 582 1265 nobilissimus
596 1217 708 1289 eques
720 1217 727 1260 :
739 1192 955 1263 seminecem
972 1215 1055 1261 eum
1072 1190 1117 1261 ad
1131 1196 1275 1265 Cannas

207 1307 245 1376 in
265 1330 392 1377 acervo
410 1328 583 1374 caesorum
600 1327 794 1400 corporum
812 1303 1019 1388 inventum,
1033 1315 1276 1397 curatumque

205 1412 386 1513 benigne,
411 1413 517 1484 etiam
542 1437 626 1483 cum
652 1413 756 1483 donis
787 1410 971 1483 Hannibal*
996 1411 1145 1481 domum
1165 1413 1275 1483 remi·

207 1539 312 1597 serat.
339 1522 396 1594 Ob
427 1524 506 1618 ejus
528 1523 677 1620 gratiam
703 1524 822 1592 meriti
846 1547 923 1592 rem
944 1519 1139 1616 nolanam³
1159 1523 1276 1618 injus

207 1634 454 1730 ditionemque
474 1633 560 1714 dare
572 1633 733 1705 voluerat
750 1638 881 1721 Poeno;
899 1635 1120 1729 anxiumque
1138 1659 1225 1704 eum
1240 1648 1276 1706 et

205 1745 398 1817 sollicitum
420 1769 504 1815 cum
528 1743 687 1813 novandi
709 1768 766 1812 res
790 1757 923 1839 praetor
948 1741 1130 1814 cernebat.
1160 1748 1274 1815 Caete-

207 1879 309 1939 rum,
324 1878 438 1950 qunm
453 1867 514 1924 aut
532 1877 639 1949 poena
653 1852 880 1923 cohibendus
894 1867 1003 1936 esset,
1020 1868 1078 1922 aut
1094 1851 1276 1923 beneficio

209 1961 561 2047 conciliandus‚·sibi
577 1964 827 2058 assumpsisse,
840 1987 949 2058 quam
970 1962 1065 2032 hosti
1081 1963 1275 2050 ademisse,

207 2073 338 2146 sortem
356 2098 396 2158 ac
415 2087 603 2144 strenuum
619 2074 745 2143 maluit
761 2073 917 2161 socium,
934 2075 1162 2168 accitumque
1177 2072 1275 2143 adse

206 2183 365 2281 benigne
384 2183 540 2282 appellat
557 2183 714 2254 :Multos
726 2209 807 2253 eum
826 2184 964 2253 invidos
976 2189 1069 2254 inter
1076 2182 1277 2280 populares

209 2295 365 2381 liabere3
386 2295 471 2367 inde
491 2298 697 2366 existimatu
703 2293 823 2384 focile
840 2318 931 2376 esse,
954 2294 1053 2389 quod
1068 2317 1172 2362 nemo
1191 2297 1276 2364 civis
1300 2382 1302 2387 ‚

208 2403 367 2474 nolanus
393 2404 463 2474 sibi
490 2403 714 2488 indicaverit,
741 2430 850 2500 quom
880 2405 995 2472 multa
1027 2404 1104 2497 ejus
1131 2409 1276 2499 egregia

197 2515 375 2607 facinora
392 2513 567 2583 militaria
586 2531 709 2584 essent.
725 2514 797 2584 Sed
801 2567 811 2598 ‚
829 2520 894 2610 qui
910 2521 947 2584 in
968 2519 1127 2583 romanis
1142 2513 1275 2583 milita-

209 2630 294 2694 verit
314 2630 452 2706 castris,
477 2649 550 2692 non
570 2648 678 2719 posse
700 2623 890 2696 obscuram
910 2625 984 2716 ejus
1002 2630 1169 2693 vinctam
1187 2647 1273 2692 esse.

206 2728 342 2802 Multos
363 2729 448 2815 sibi,
470 2738 535 2825 qui
558 2757 639 2802 cum
664 2757 707 2802 eo
729 2734 911 2829 stipendia
921 2736 1097 2824 fecerim,
1123 2735 1273 2822 restare,

136 2884 141 2895 ,
209 2848 274 2941 qui
292 2847 350 2910 vir
366 2856 455 2909 esset
476 2839 556 2924 ille,
576 2865 731 2939 quaeque
747 2859 783 2912 et
801 2850 937 2938 quoties
950 2843 1113 2938 pericula
1126 2868 1198 2941 pro
1216 2868 1274 2912 sa·

209 2949 284 3021 lute
302 2973 346 3018 uc
365 2948 539 3045 dignitate
551 2951 688 3047 populi
709 2960 853 3022 romani
869 2952 1001 3022 adisset
1017 2979 1027 3020 .·
1046 2959 1168 3048 utique
1190 2979 1276 3022 cun-

209 3059 473 3158 nensiproelio⁴
488 3085 562 3130 non
577 3068 683 3158 prius
694 3087 823 3159 pugna
838 3064 1018 3147 abstiterit,
1039 3088 1148 3160 quarn
1159 3087 1277 3158 prope

212 3177 407 3268 exsanguis
423 3178 527 3243 nn‘nu
543 3173 881 3268 superincidentium
895 3179 1076 3258 uirorum,
1100 3197 1277 3269 equorum

212 3305 470 3379 armorumque
500 3289 546 3352 sit
574 3308 772 3380 oppressus.
806 3314 823 3348 «
839 3290 965 3380 Itaque
995 3298 1111 3355 macte
1143 3285 1277 3354 virtute

211 3419 228 3456 e
242 3406 336 3479 esto,
348 3393 479 3489 inquit.
493 3391 599 3490 Apud
613 3418 671 3464 me
686 3393 752 3469 tibi
767 3395 884 3465 omnis
893 3380 1033 3481 honos,
1044 3409 1152 3489 atque
1167 3418 1277 3464 omne

211 3575 304 3636 emitti,
317 3573 408 3623 docent
422 3575 499 3623 Grou.
512 3585 536 3621 et
550 3573 667 3640 Stroth),
679 3577 723 3640 qui
801 3578 825 3625 3.
838 3579 896 3624 Rem
909 3578 1042 3634 nolanam
1053 3577 1110 3625 vide
1121 3580 1146 3635 1,
1160 3593 1205 3635 ta,
1217 3594 1243 3626 n.
1253 3579 1276 3624 3.

211 3653 335 3702 invenisset
343 3671 429 3701 novam
439 3654 598 3717 voluptatem.
764 3683 800 3695 -
809 3657 924 3703 Novandi
935 3674 971 3704 res
976 3675 986 3714 ,·
998 3657 1048 3704 vid.
1059 3674 1131 3722 supra
1142 3657 1174 3704 ad
1185 3657 1276 3705 librum

247 3746 270 3780 a.
288 3736 316 3783 L.
332 3734 450 3789 Bantius,
470 3733 532 3781 forte
554 3733 676 3789 Bandius,
694 3745 721 3782 ut
764 3737 790 3795 I,
802 3752 855 3799 cap.
867 3736 913 3794 52,
926 3753 951 3785 n.
965 3753 986 3783 1.

211 3812 276 3875 apud
290 3813 353 3863 Plut.
367 3812 476 3859 Marcell.
489 3830 515 3877 p.
529 3813 587 3863 303.
604 3841 639 3850 -
658 3813 720 3861 Con·
800 3823 826 3870 t.
841 3815 928 3878 Utique
942 3816 1058 3863 cannensi
1063 3817 1152 3880 praeiio
1157 3851 1165 3873 ,
1178 3827 1238 3874 eto,
1252 3828 1277 3866 et

211 3906 292 3941 sensus
307 3903 434 3940 attentans
447 3891 599 3957 defectionis,
614 3893 681 3956 quod
693 3893 720 3941 in
763 3905 806 3952 ut,
820 3910 864 3941 seu
882 3896 1007 3958 quomodo
1026 3896 1158 3952 cannensi,
1176 3906 1223 3943 etc.
1240 3922 1277 3932 -·-

211 3984 264 4017 cam
278 3984 443 4031 consenseram
458 3973 550 4022 Stroth.
569 3972 720 4022 Conscientia
763 3973 847 4020 Macte
857 3974 949 4021 virtute
961 3986 1026 4032 esto;
1035 3975 1092 4024 ride
1104 3991 1177 4040 supra
1188 3973 1220 4024 ad
1231 3974 1275 4026 lib.

210 4059 309 4099 tentata
320 4049 344 4098 d.
355 4052 419 4113 conj.
429 4052 508 4101 θεοῦ.
763 4053 802 4113 11,
813 4068 868 4119 cap.
880 4069 924 4114 m,
938 4070 963 4103 n.
976 4069 1015 4105 10.
