2782 4568
143 345 270 455 litiis
366 362 526 430 Lissa
555 358 713 427 xant.
742 356 847 425 car.
871 358 913 423 v.
1108 352 1176 448 275

119 516 137 552 «
151 487 239 557 trari
253 483 341 556 esse.
358 487 443 553 Non
460 504 544 552 cum
556 479 713 550 Samnite
727 492 790 548 aut
804 482 957 550 Etrusco
975 501 1032 550 res
1048 497 1122 570 cst,
1137 498 1179 554 ut

119 627 136 662 ιι
150 596 250 694 quod
264 619 286 666 a
301 591 406 664 nobis
423 589 584 661 ablatum
596 591 659 676 sit,
676 590 715 658 in
734 587 835 658 Italia
851 602 972 659 tamen
985 591 1178 689 imperium

117 737 135 772 «
149 718 302 778 maneat.
311 706 444 773 Poenus
453 700 578 787 hostis,
587 723 634 771 ne
643 696 769 771 Africae
777 698 1179 799 quidemlindigenam

118 847 135 883 «
149 816 194 888 ab
212 815 348 887 ultimis
366 827 542 884 terrarum
561 811 654 898 oris,
670 807 768 882 freto
787 812 921 882 Oceani
943 814 1180 912 Herculisque

118 907 345 1015 «columnis,
370 938 557 1022 expertem
577 922 696 993 omnis
723 921 815 1015 juris
842 936 879 991 et
907 921 1125 995 conditionis
1144 940 1181 996 et

117 1069 134 1104 κ
146 1040 276 1136 linguas
288 1058 404 1134 prope
415 1032 581 1105 humanae
589 1086 600 1120 ‚
609 1030 762 1103 militem
777 1030 898 1102 trabit.
914 1037 1037 1120 Hunc,
1051 1049 1180 1106 natura

116 1179 133 1214 a
147 1164 183 1220 et
207 1146 370 1219 moribus
402 1146 577 1216 immitem
604 1141 815 1241 ferumque,
833 1144 983 1244 insuper
1009 1147 1085 1218 dux
1105 1150 1180 1245 ipse

116 1257 328 1344 «efferavit,
349 1253 525 1353 pontibus
543 1277 584 1326 ac
600 1252 757 1324 molibus
774 1279 819 1325 ex
836 1253 1081 1326 humanorum
1099 1282 1182 1329 cor-

117 1399 134 1433 «
146 1387 279 1466 porum
293 1363 581 1438 strue'faeiendis
589 1359 617 1451 ⁵,
631 1377 667 1434 et
682 1361 802 1459 (quod
817 1364 989 1460 proloqui
1003 1366 1111 1438 etiam
1125 1369 1183 1464 pi-

83 1548 85 1551 .
114 1507 132 1542 «
146 1487 220 1573 get)
239 1475 334 1547 vesci
351 1474 521 1544 humanis
540 1471 756 1570 corporibus
773 1472 953 1544 docendo.
976 1479 1050 1546 Hos
1063 1475 1181 1548 infan-

115 1584 201 1655 «dis
220 1597 339 1682 pastos
364 1583 501 1680 epulis,
520 1605 613 1679 quos
632 1584 843 1679 contingere
858 1585 973 1655 'etiam
995 1584 1096 1658 nefas
1116 1590 1180 1674 sit,

115 1725 133 1760 «
148 1693 269 1764 videre
284 1707 393 1789 atque
406 1690 543 1763 habere·
560 1689 746 1778 dominos,
759 1705 796 1762 et
813 1716 859 1762 ex
870 1691 990 1765 Africa
1002 1708 1039 1765 et
1053 1719 1074 1766 a
1091 1699 1177 1768 Car-

114 1836 131 1878 «
147 1793 292 1900 thagine
307 1803 390 1896 jura
400 1813 541 1897 petere,
558 1810 594 1868 et
610 1797 750 1868 ltaliam
766 1798 1061 1873 Numidarum‘ac
1076 1809 1182 1877 Mau·

115 1936 271 1984 «rorum
289 1912 364 2010 pati
379 1909 601 2008 provinciam
617 1933 715 1996 esse,
731 1909 791 1978 cui
808 1932 885 1978 non
897 1961 907 1993 ,
921 1911 1048 2006 genito
1068 1915 1180 1988 modo

69 2025 75 2043 ’
114 2025 184 2095 «in
202 2021 322 2109 Italia,
346 2016 556 2103 detestabile
578 2018 648 2089 sit?
667 2017 863 2090 Pulchrum
882 2022 967 2109 erit,
984 2026 1176 2122 Campani,

114 2133 354 2231 «prolapsum
373 2129 475 2202 clade
491 2151 685 2200 romanum
700 2128 896 2226 imperium
906 2124 937 2217 ⁶,
950 2144 1069 2206 vestra
1085 2132 1177 2220 fide,
1206 2225 1208 2230 Ι

115 2272 133 2309 κ
146 2243 272 2314 vestris
290 2240 429 2312 viribus
450 2251 634 2310 retentum
653 2263 694 2310 ac
711 2253 967 2336 recuperatum
985 2263 1073 2315 esse.
1098 2246 1178 2316 Tri-

117 2383 135 2417 «
149 2355 248 2451 ginta
266 2352 378 2422 millia
398 2350 583 2450 peditum,
599 2364 760 2447 quatuor
776 2350 941 2446 equiturn
962 2349 1118 2425 arbitror
1135 2381 1180 2426 ex

113 2493 132 2527 s
147 2464 342 2560 Campania
355 2460 463 2533 scribi
477 2485 599 2560 posse:
610 2461 685 2555 jam
698 2461 861 2559 pecuniae
876 2458 1012 2543 affatim
1025 2480 1096 2566 est,
1109 2462 1179 2539 fru-

115 2605 132 2639 «
144 2575 343 2670 mentique.
353 2573 390 2642 Si
400 2595 524 2668 parem
533 2569 688 2642 fortunae
695 2586 819 2642 vestrae
826 2569 935 2642 fidem
945 2571 1179 2665 habetis,nec

113 2713 130 2747 «ι
144 2682 323 2753 Hannibal
335 2703 373 2752 se
388 2682 513 2751 vicisse
525 2682 754 2770 sentiet‚nec
769 2683 922 2752 Romani
934 2684 1049 2755 victos
1063 2711 1151 2759 esse.
1161 2719 1178 2754 »

150 2858 174 2905 4.
190 2851 229 2897 Nc
242 2846 335 2914 Ajiicce
351 2847 448 2912 quidem
465 2847 621 2912 indigenam:
665 2848 720 2897 litas
733 2848 764 2896 ab
780 2858 889 2908 oratore,
902 2850 984 2898 omnia
997 2851 1120 2904 invidiose
1134 2874 1177 2905 au-

110 2929 139 2976 in
150 2928 295 2992 quibusdam
306 2928 370 2976 Mss
382 2939 407 2974 et
420 2925 478 2974 eddi
491 2925 620 2990 indigena,
666 2938 752 2991 gente,
766 2926 841 2987 Εοιι,
857 2939 900 2975 aut
920 2945 934 2976 s
954 2931 1030 2994 vulgo
1048 2930 1175 2984 hemissum

112 3007 181 3072 quod
192 3008 344 3058 referendum
356 3007 388 3072 ad
398 3017 480 3054 murm
491 3008 621 3054 Poenorum
665 3007 756 3073 credita
763 3041 770 3064 ‚
778 3019 802 3055 ct
810 3023 879 3055 suasa
889 3007 988 3072 quidem
998 3009 1028 3055 ab
1039 3013 1177 3065 Hannibale

112 3103 126 3133 a
135 3087 230 3152 Tyriis,
239 3086 410 3135 remotioribus
419 3086 491 3133 etiam
500 3084 621 3143 barbarie
665 3085 843 3142 Mnuomacho,
852 3079 895 3132 sed
902 3078 1035 3150 repudiata.
1043 3090 1080 3137 Cf.
1088 3094 1176 3157 Polyb.

113 3167 205 3214 Stroth.
226 3170 295 3214 Forte
307 3167 354 3231 leg.
366 3167 408 3213 ita.
424 3165 495 3214 cons.
510 3164 575 3212 nuk.
589 3163 633 3210 ad,
665 3166 718 3223 lx,
734 3173 782 3221 at,
796 3180 821 3211 n.
834 3164 864 3220 6,
880 3175 904 3210 et
916 3164 1038 3228 Porphyr.
1054 3167 1084 3214 de
1100 3171 1173 3222 Abst.

112 3245 334 3303 rtor.11‚18.-
348 3245 388 3292 Aa
401 3243 491 3292 ultimis
501 3254 621 3289 cenarum
664 3242 707 3290 lib.
719 3245 752 3290 ΙΙ.
768 3243 831 3290 Mox
843 3241 879 3288 liis
891 3239 999 3305 infandis
1007 3244 1175 3321 meliustvidc-
1270 3289 1273 3292 Α

112 3323 174 3378 oris,
181 3322 250 3386 fiete
261 3324 354 3371 Oceani
363 3323 497 3377 Gaditano,
508 3336 551 3368 seu
561 3322 620 3367 Her·
664 3332 718 3380 ων,
728 3323 842 3369 Bausrus.
852 3322 883 3369 Et
892 3320 928 3367 sic
940 3335 1027 3369 omnes
1036 3323 1087 3372 fere
1099 3328 1174 3389 Mss,

112 3400 198 3459 culeo,
209 3402 365 3464 fluentisque
376 3400 509 3456 column
520 3398 579 3446 vide
588 3399 620 3446 ad
663 3400 731 3448 ude
742 3401 828 3448 vellem
839 3400 866 3448 id
878 3400 1031 3463 recepissem.
1053 3429 1089 3440 —-
1108 3408 1187 3470 Qm*

112 3479 191 3537 m,
207 3479 254 3535 43,
268 3495 293 3527 ι.
307 3482 333 3528 ll.
350 3506 386 3517 ·-
404 3479 507 3527 Militem
525 3477 617 3534 trahit,
663 3491 745 3527 autem
761 3480 844 3528 Lirim
863 3478 923 3526 dicit
939 3477 1056 3543 infandas
1071 3488 1170 3547 epulas,

111 3555 268 3621 apposituri
281 3555 439 3619 designandas
450 3555 618 3623 difficultates,
663 3557 782 3623 alliserat
793 3558 882 3621 dapes,
897 3557 963 3605 cibes
976 3557 1119 3610 inhumanos
1133 3583 1174 3614 vo

111 3650 167 3698 quae
188 3652 233 3700 per
254 3635 327 3698 longa
347 3635 433 3684 ittam
452 3647 476 3684 et
498 3637 619 3684 mondum
661 3649 757 3686 carnut.
769 3637 836 3684 'tide
850 3636 882 3684 ad
899 3637 952 3684 Silii
967 3637 1047 3686 lutici
1064 3640 1108 3689 lib
1128 3647 1170 3704 ΙΙ,

108 3713 547 3779 jugasuperandaefucruntsxeraitui
554 3717 619 3762 Han-
662 3718 722 3765 5¹12.
738 3718 787 3764 En,
1102 3769 1103 3772 ,

112 3792 211 3851 nibalis3
221 3796 295 3841 Doer.
697 3796 723 3844 6.
738 3794 883 3858 Prolapsum
900 3792 972 3840 clade
987 3810 1115 3846 romaum
1128 3801 1173 3850 im.

148 3872 172 3917 5.
181 3872 297 3920 Pontibus
309 3887 341 3919 ac
350 3870 493 3920 molibusex
500 3872 618 3930 humano·
658 3874 770 3940 perium
782 3873 809 3918 in
825 3874 872 3920 MS
884 3871 957 3919 Hafa.
970 3871 1041 3920 clade
1054 3891 1169 3940 mmm,

110 3966 164 3995 rum
177 3965 304 4012 corporum
316 3962 381 3999 strue
386 3948 525 4015 fueieruls's,⁸
535 3954 620 4000 confer
662 3952 743 4017 quot,
753 3963 868 4015 mnqmm
879 3949 1018 4008 venustius,
1030 3964 1055 4001 et
1066 3955 1171 4008 referm-

111 4028 221 4092 Appian.¹
236 4029 296 4077 Bell.
313 4032 395 4078 Hans.
410 4046 432 4077 c.
448 4032 491 4080 28.
501 4059 536 4069 -
551 4033 620 4080 Vesci
662 4033 721 4079 tium
734 4031 765 4078 ad
777 4028 939 4097 oesnafids,
952 4029 1089 4092 probarunt
1104 4037 1170 4088 Μ.

111 4106 223 4157 humanis
237 4109 377 4172 camoribus
390 4109 499 4159 doceam
505 4129 516 4168 ,·
533 4111 618 4160 crude-
662 4121 688 4158 et
696 4110 772 4158 Drrk.
782 4109 920 4189 ”⁰¹1⁸er
930 4119 959 4156 nt
971 4110 1025 4170 111,
1035 4112 1084 4173 34,
1091 4131 1118 4168 ι,
1128 4118 1153 4165 5.

938 4193 996 4263 18.
