2782 4568
204 289 272 362 258
625 289 664 355 r.
695 287 830 356 srvn
1114 261 1238 364 litii:

199 412 385 484 «retinere
403 408 521 478 conati
541 421 641 494 sunt,
655 407 694 475 ni
712 407 842 478 strictis
856 403 980 502 gladiis
995 403 1063 473 viri
1081 400 1267 474 fortissimi

199 523 364 590 «inertes
383 516 659 612 submovissent.
679 517 795 604 Prius,
810 516 980 612 inquam,
997 520 1034 585 P.
1051 515 1266 611 Sempronio

201 656 299 729 «per
319 613 449 699 civium
473 651 623 724 agmen,
645 650 754 722 quam
778 650 844 722 per
862 626 1037 711 hostium,
1056 621 1125 694 luit
1144 646 1266 694 erum·

201 772 217 806 «
231 738 403 837 pendum.
419 738 604 808 Hos-cives
620 738 735 834 patria
751 734 954 807 desideret?
965 738 1130 826 Quorum
1151 735 1181 804 si
1198 758 1265 804 cae·

201 847 302 917 «teri
321 844 454 915 similes
476 841 643 933 luissent,
664 846 848 917 neminem
869 845 978 916 hodie
995 871 1040 916 ex
1060 847 1123 932 iis,
1137 846 1201 941 qui
1219 843 1267 915 ad

199 960 371 1027 «Cannas
398 971 668 1052 pugnaverunt,
700 956 814 1026 civem
840 954 1001 1027 haberet.
1027 961 1080 1026 Ex
1106 952 1267 1025 millibus

201 1081 373 1163 «septem
395 1080 617 1136 armatorum
634 1067 795 1162 sexcenti
812 1068 1045 1154 exstiterunt,
1065 1067 1266 1162 quierum·

198 1201 316 1275 «pere
332 1176 523 1264 auderent,
540 1171 652 1272 quiin
664 1177 815 1272 patriam
832 1176 936 1246 liberi
950 1190 1059 1272 atque
1071 1176 1198 1245 armati
1211 1198 1268 1246 re·

201 1317 218 1351 «
233 1286 352 1357 dirent
369 1311 376 1353 :
395 1310 517 1382 neque
536 1286 578 1355 iis
595 1283 832 1382 quadraginta
847 1285 957 1354 millia
975 1281 1135 1355 hostium
1152 1283 1267 1354 obsti-

201 1426 219 1462 «
233 1411 321 1468 tere.
350 1398 470 1485 Quam
498 1408 618 1464 tutum
647 1395 716 1463 iter
747 1392 901 1463 duarum
931 1416 1045 1490 prope
1081 1392 1277 1490 legionum.

202 1536 219 1570 «
234 1505 366 1601 agmini
380 1500 544 1572 futurum
564 1503 716 1572 censetis
734 1499 867 1573 fuisse?
883 1501 1070 1574 Haberetis
1086 1503 1196 1573 hodie
1214 1505 1266 1574 vi-

203 1644 220 1680 «
233 1615 324 1711 ginti
338 1612 450 1682 millia
462 1625 681 1682 armatorum
694 1614 892 1704 Canusii11,
905 1611 1071 1702 fortium,
1086 1613 1265 1704 fidelium,

203 1729 357 1794 «Patres
383 1722 587 1818 conscripti.
612 1726 724 1811 Nunc
745 1736 865 1793 autem
895 1724 1202 1820 quemadmodum
1228 1724 1267 1795 hi

202 1832 323 1902 «boni
345 1829 545 1927 fidelesque
564 1831 667 1926 (nam
694 1828 805 1901 fortes
825 1856 872 1901 ne
901 1832 970 1927 ipsi
993 1831 1140 1929 quidem
1165 1832 1268 1903 dixe-

201 1973 218 2008 «
232 1941 327 2039 rint)
352 1942 446 2012 cives
471 1965 546 2012 esse
570 1940 746 2037 possunt?
771 1941 840 2011 nisi
868 1942 949 2036 quis
979 1941 1125 2013 credere
1147 1956 1269 2039 potest

202 2086 220 2122 «
233 2054 361 2142 luisse,
388 2067 429 2124 ut
452 2051 745 2150 erumpentibus,
771 2055 862 2149 quin
888 2068 1140 2152 erumperent,
1168 2053 1268 2124 obsi-

204 2197 221 2232 «
235 2181 330 2238 stere
347 2165 470 2236 conati
481 2178 588 2234 sunt:
606 2178 758 2234 autnon
773 2163 934 2235 invidere
948 2190 1027 2252 eos,
1042 2189 1158 2262 quum
1173 2165 1270 2236 inco-

205 2276 408 2365 «lumitati,
433 2289 510 2345 tum
534 2273 654 2370 gloriae
677 2273 823 2344 illorum
853 2298 918 2371 per
942 2277 1110 2345 virtmem
1134 2289 1267 2371 partae,

205 2419 222 2452 «
239 2411 353 2483 quum
372 2382 440 2455 sibi
460 2386 626 2454 timorem
648 2385 900 2480 ignaviamque
917 2385 1096 2455 servitutis
1113 2385 1268 2481 ignomi-

206 2527 223 2561 «
239 2496 346 2564 niosae
364 2515 506 2562 causam
523 2516 599 2563 esse
613 2493 737 2563 sciant.
757 2493 962 2564 Maluerunt
978 2495 1016 2563 in
1033 2495 1198 2565 tentoriis
1215 2494 1268 2565 la-

203 2617 352 2673 «tentes
372 2601 478 2671 simul
492 2601 609 2671 lucem
628 2615 736 2698 atque
756 2600 900 2674 hostem
915 2619 1136 2701 exspectare,
1153 2630 1268 2702 quum

207 2779 280 2846 (edd.
295 2791 355 2828 antt.
370 2777 508 2844 subsistere)
523 2797 554 2827 ac
565 2780 667 2828 retinere
677 2797 716 2829 eo·
758 2799 881 2847 passuram
901 2784 928 2830 in
946 2795 1071 2848 posterum
1088 2786 1222 2846 invidiam,
1240 2797 1268 2834 ut

204 2859 260 2907 nati
271 2870 342 2915 sunt,
354 2857 383 2904 ni
388 2858 610 2920 ...submovissenn¹
619 2861 676 2908 vide
684 2861 717 2908 ad
759 2861 844 2911 fideles
857 2862 966 2926 bonique
981 2865 1047 2912 cives
1061 2865 1111 2914 sint
1127 2883 1183 2930 erga
1199 2867 1269 2925 illos,

206 2942 245 2998 11,
260 2938 305 2997 50,
320 2955 345 2984 n.
358 2953 397 2984 10.
414 2937 596 3002 Sempronium,
608 2941 717 3004 eruptio-
760 2957 864 3004 quorum
876 2942 1064 2991 incolumitatem
1072 2956 1099 3006 ⁴et
1106 2945 1212 3009 gloriam
1221 2945 1269 2994 sibi

205 3018 415 3076 neminemnam,
432 3017 463 3064 ab
483 3017 577 3080 ignavis
597 3029 718 3066 retentum
760 3021 847 3070 rident
867 3039 917 3070 esse
937 3022 1094 3085 ignominie,
1115 3035 1140 3072 et
1158 3024 1270 3087 quotidie

207 3113 272 3155 esse,
285 3112 337 3143 non
350 3113 381 3143 ex
397 3112 450 3159 cap.
465 3103 513 3155 40,
526 3096 570 3144 sed
580 3097 677 3145 demum
689 3114 719 3145 ex
761 3100 882 3164 ignaviam
891 3102 1050 3165 exprobrem
1058 3118 1104 3150 neo
1113 3103 1196 3166 potius
1204 3101 1269 3150 hane

206 3174 232 3223 h.
242 3176 259 3223 l.
272 3175 401 3234 discimus3
409 3177 484 3223 Doer.
760 3179 839 3244 ipsam
853 3179 971 3227 invidiam
987 3181 1136 3253 effecmpam‚
1150 3192 1178 3228 ut
1185 3180 1220 3234 ¹iis
1232 3181 1270 3229 in-

246 3271 286 3302 11.
300 3252 428 3301 Haberetis
440 3252 513 3300 bodie
526 3255 575 3300 XX
588 3255 666 3302 millia
677 3273 717 3302 ar·
761 3257 808 3306 fidi
821 3259 884 3318 sint,
898 3270 921 3307 et
939 3261 967 3307 in
983 3260 1111 3307 discrimen
1128 3275 1210 3306 secum
1226 3259 1269 3306 de-

207 3345 329 3380 matorum
347 3331 447 3379 Canusii
464 3332 537 3396 (vide
553 3332 585 3380 ad
599 3349 621 3381 c.
636 3334 681 3392 56,
691 3351 716 3382 n.
763 3337 851 3386 ductos
865 3339 991 3398 deserant,
1008 3350 1079 3402 atque
1095 3338 1129 3386 ita
1146 3349 1188 3385 aut
1206 3340 1270 3386 mori

209 3409 372 3476 a),sortium‚
379 3409 508 3478 fideliam,
524 3428 537 3458 e
549 3411 645 3459 duobus
655 3415 718 3462 MSS
762 3417 861 3474 misere,
869 3428 911 3465 aut
922 3433 1004 3481 parem
1016 3417 1112 3481 culpam
1122 3418 1270 3482 captivitatis

208 3506 264 3538 cum
279 3489 389 3538 Strothio
401 3489 482 3552 recepi
496 3505 542 3552 pro
556 3490 622 3552 vulg.
621 3490 716 3554 fortia,
762 3494 802 3542 vel
820 3496 899 3560 turpis
918 3497 982 3560 fugae
1003 3496 1146 3545 contrahere
1165 3509 1278 3561 cogant3>

200 3569 301 3639 fidelia.
311 3567 392 3613 -Ne
405 3565 451 3629 ipsi
463 3567 560 3630 quidem
572 3585 597 3614 se
610 3569 718 3618 dixerint
761 3576 842 3624 Gron.
860 3577 891 3621 Ut
902 3577 1090 3639 erumpentibus,
1102 3587 1148 3624 etc.
1162 3579 1207 3624 Uti
1220 3578 1270 3625 for-

208 3649 254 3712 leg.
265 3647 361 3694 videtur
373 3648 475 3694 Bauero.
488 3673 524 3682 -
536 3647 593 3694 Nisi
605 3649 657 3710 quis
668 3666 718 3696 cre·
761 3663 798 3700 tes
818 3669 869 3700 sese
888 3655 1029 3718 praebuere,
1049 3673 1124 3720 quum
1143 3673 1271 3720 erumpen-

209 3727 265 3772 dere
275 3723 439 3789 potestfitisse
453 3741 495 3771 eos
508 3735 560 3772 tum
575 3724 664 3786 fortes,
673 3728 717 3775 bo-
762 3731 841 3791 tibus,
854 3742 901 3779 etc.
915 3735 1030 3782 Bauerus.
1046 3737 1078 3781 Ut
1094 3735 1271 3797 erumpentibus

209 3819 255 3851 nos
261 3801 393 3867 fidelesque
402 3805 481 3862 cives,
493 3815 532 3860 ut,
541 3821 628 3866 quum,
640 3822 718 3854 erum·
739 3813 741 3816 ’
761 3811 849 3874 optimi
858 3813 987 3878 mss;qut
993 3825 1143 3878 erunsperent
1151 3812 1207 3860 edd.
1214 3825 1271 3862 ante

204 3879 317 3944 pentibus
329 3882 453 3939 obsistere,
467 3894 491 3931 et
505 3883 570 3929 viros
585 3884 675 3943 fortes,
686 3892 718 3934 n'e
762 3891 840 3938 Gron.
853 3892 972 3941 sententia
984 3893 1035 3942 fere
1045 3892 1129 3940 eadem
1142 3904 1270 3952 manente;

209 3960 285 4007 fortes
300 3973 393 4019 essent,
407 3962 527 4026 impedire
543 3964 628 4011 conati
643 3976 715 4023 sunt,
741 3969 744 3974 '
761 3969 854 4016 Stroth.
864 3995 900 4006 -
911 3971 959 4032 Qui
974 3987 1018 4019 nec
1035 3987 1126 4036 erump.
1143 3973 1208 4021 Flor.
1224 3972 1272 4035 Qui

210 4049 254 4087 aut
267 4053 316 4085 non
336 4039 440 4088 invidere
454 4057 508 4097 eos,
524 4052 586 4100 ete„
599 4042 625 4089 h.
640 4059 661 4089 e.
677 4056 730 4111 aut¹
762 4063 793 4094 ne
804 4064 837 4096 er.
850 4051 910 4100 Lov.
922 4050 946 4098 5.
958 4051 1004 4098 Eo.
