2782 4568
170 278 293 379 33323323
317 298 415 366 tra.
441 297 564 363 xxn.
591 298 694 366 car.
720 297 895 364 xtvut.
923 298 1058 363 xtra.
1124 294 1195 367 233

144 420 223 516 gnis
239 443 365 489 eorum
384 441 467 488 curn
482 415 638 488 adversis
657 441 779 514 pugna
796 431 890 505 erat,
911 415 955 485 ad
974 434 1196 513 'persequen-

144 529 210 600 dos
224 529 353 626 passim
369 526 546 625 fugientes
561 529 669 599 mittit
685 530 884 625 :Hispanos
904 541 939 596 et
957 526 1079 596 Gallos
1095 525 1197 623 pedi-

144 655 214 728 tes,
226 640 300 734 jam
317 635 409 739 Afris
425 663 539 736 prope
554 637 654 710 fessis
668 639 763 710 caede
775 633 790 680 ⁵
803 639 914 734 magis
928 661 1037 732 quam
1056 662 1197 734 pugna,

144 749 318 844 adjungit.
728 810 731 817 .

192 865 314 930 XLIX.
333 864 435 929 Parte
450 858 559 929 altera
577 881 708 957 pugnae
728 857 878 946 Paulus,
894 881 1114 954 quamquam
1128 859 1198 954 pri·

144 994 204 1056 mo
223 970 343 1038 statim
361 969 483 1065 praelio
504 967 616 1039 funda
637 969 791 1066 graviter
811 969 904 1038 ictus
922 967 1056 1053 suerat,
1078 983 1199 1038 tamen

145 1093 180 1148 et
194 1080 350 1149 occurrit
366 1103 458 1176 saepe
473 1103 557 1149 cum
573 1077 765 1149 confertis¹
782 1078 994 1167 Hannibali,
1011 1095 1046 1150 et
1062 1080 1200 1177 aliquot

144 1188 230 1257 loeis
248 1187 408 1283 praelium
430 1190 602 1274 restituit,
622 1187 895 1285 protegentibus
914 1215 997 1260 eum
1017 1189 1200 1288 equitibus

143 1298 303 1366 romanis
315 1306 351 1383 2;
369 1298 508 1368 omissis
524 1313 708 1394 postremo
726 1300 845 1394 equis,
863 1301 948 1395 quia
963 1301 1148 1371 consulem
1162 1317 1201 1372 et

144 1405 190 1474 ad
211 1405 410 1500 regendum
433 1431 567 1502 equum
586 1408 679 1478 vires
697 1407 923 1480 deficiebant.
946 1414 1037 1479 Tum
1059 1411 1200 1481 denun-

144 1517 247 1585 tianti
261 1515 422 1604 cuidam,
435 1518 579 1611 jussisse
597 1516 782 1587 consulem
797 1516 842 1587 ad
856 1518 966 1615 pedes
982 1518 1204 1591 descendere

145 1628 305 1723 equites,
322 1628 451 1697 dixisse
464 1624 702 1698 Hannibalem
720 1626 842 1697 ferunt
856 1655 863 1696 :
878 1631 1026 1717 «Quam
1040 1630 1200 1717 mallem,

145 1768 160 1801 «
173 1739 312 1807 vinctos
326 1737 415 1807 mihi
428 1733 604 1807 traderet³
614 1735 621 1806 !
630 1767 646 1801 a
659 1737 831 1833 Equitum
845 1736 1010 1833 pedestre
1020 1739 1202 1833 praelium,

129 1848 250 1944 'quale
264 1849 337 1943 jam
358 1847 455 1918 haud
477 1845 587 1917 dubia
606 1846 766 1918 hostium
783 1847 951 1935 victoria,
975 1847 1067 1936 fuit,
1088 1873 1203 1944 quum

143 2083 232 2128 spanos
251 2079 275 2114 et
292 2068 371 2131 gallos
389 2067 480 2131 equites
492 2067 550 2132 jam
568 2064 648 2130 Afris,
695 2064 871 2129 caedendosque
884 2066 1004 2130 permittit
1015 2066 1205 2131 Numidis.1pse

144 2157 190 2192 eto.
202 2148 233 2193 Et
248 2147 324 2194 Periz.
341 2147 494 2203 Hasdrubal,
512 2145 555 2210 qui
570 2144 652 2192 victor
695 2159 750 2190 cum
762 2145 812 2191 suis
827 2145 895 2208 gallis
911 2145 1067 2208 hispanisque
1081 2145 1203 2207 equitibus

144 2224 181 2270 ad
192 2241 247 2271 eam
261 2237 357 2289 partem
368 2236 550 2288 penetraverat,
564 2223 651 2272 subda-
694 2238 809 2269 romanos
825 2223 920 2286 pedites
938 2239 993 2269 cum
1007 2223 1074 2270 Afris
1089 2234 1140 2271 tum
1156 2240 1204 2270 ma·

144 2315 194 2352 etos
209 2321 242 2351 ea
257 2305 310 2352 acie
326 2305 459 2361 Numidas,
475 2315 521 2352 ete.
537 2304 650 2367 Sigonius
694 2301 759 2349 xime
771 2302 930 2365 pugnantesa
944 2313 1012 2364 tergo
1025 2302 1128 2350 invadit.
1144 2305 1204 2350 Haea

145 2386 209 2444 conj.
218 2384 279 2431 lava
285 2401 331 2447 pro
338 2400 368 2430 ea
372 2396 414 2440 ;et
423 2383 514 2431 Stroth.
522 2400 572 2447 qua
576 2393 651 2446 parte
694 2392 731 2429 est
742 2397 822 2428 rerum
832 2381 917 2438 series,
926 2380 958 2427 ad
969 2397 1041 2444 quam
1054 2382 1127 2430 verba
1140 2381 1204 2428 Livii

144 2478 200 2508 eum
211 2463 337 2509 Gronovio
348 2462 415 2525 legit.
426 2465 460 2509 At
472 2464 557 2510 Bauer.
568 2472 650 2526 putat,
694 2459 812 2524 refingere
822 2476 938 2524 perquam
950 2459 1132 2511 diffirilaforet.
1142 2459 1189 2509 En.

145 2540 320 2587 Hasdrubalem
346 2557 412 2589 nuno
437 2541 478 2588 hle
504 2541 651 2604 imperasse,
731 2541 754 2587 5.
768 2539 844 2586 Fossis
859 2539 925 2586 cade
939 2539 1016 2604 magis
1032 2557 1106 2602 qaam
1117 2557 1203 2606 pugna

144 2635 210 2667 nuno
230 2619 296 2678 illic,
316 2631 343 2666 ut
365 2620 499 2682 intelligere
518 2619 590 2666 liceat
609 2618 652 2682 qui
695 2617 892 2666 breviusdictum
902 2634 948 2683 pro
957 2618 1205 2683 praelio,operaprae-

145 2711 194 2745 rum
209 2715 240 2745 ea
248 2711 322 2761 parre
330 2709 446 2761 praerat.
463 2698 535 2746 Conf.
547 2697 578 2744 ad
589 2699 651 2754 VII,
695 2697 845 2760 liandi‚quae
854 2699 931 2746 caedes
942 2709 1004 2746 esset
1014 2699 1204 2762 magis,verius,

147 2778 188 2836 15,
198 2794 224 2826 n.
238 2793 262 2824 a.
275 2812 309 2820 -
322 2780 381 2825 Haec
395 2788 419 2824 et
432 2792 486 2838 quae
501 2787 650 2839 sequuntur,
696 2791 767 2838 quarn
781 2791 877 2839 pugna3
889 2777 1019 2834 caedendo,
1031 2793 1083 2823 non
1097 2793 1205 2842 pugnan-

145 2868 173 2903 ut
188 2857 295 2905 Creverii
307 2856 387 2903 verbis
403 2865 469 2913 utar,
480 2854 581 2902 omnino
596 2870 650 2900 eor·
696 2853 868 2912 ‹103Bauerus

145 2948 215 3001 rupta
227 2947 298 2992 sunt,
312 2947 336 2983 et
351 2951 398 2999 pro
415 2933 549 2998 deploratis
562 2932 650 2980 haben·
731 2932 792 2980 Car.
801 2934 892 2981 XLIX.
905 2949 926 2979 1.
944 2934 1002 2981 Cum
1012 2935 1138 2999 confertis,
1150 2952 1204 2982 cum

145 3015 190 3063 da:
200 3031 255 3063 nam
266 3025 426 3079 praeterquam
437 3011 505 3076 quod
513 3010 651 3058 Hasdrubal
696 3010 770 3058 densa
780 3027 862 3058 manu.

144 3111 195 3141 non
205 3092 251 3141 bae
261 3105 341 3157 parte,
351 3093 394 3140 sed
402 3093 462 3140 laeva
471 3101 583 3154 praeerat,
593 3105 652 3152 quo·
731 3105 755 3136 a.
763 3090 943 3154 Protegeutibus
952 3106 1007 3136 eram
1017 3091 1134 3152 equitibus
1144 3108 1204 3138 rom.

145 3190 200 3220 nam
210 3173 285 3220 modo
295 3190 325 3220 ex
335 3172 413 3219 media
422 3171 473 3218 acie
481 3169 585 3217 subduci
593 3183 652 3232 pos·
696 3168 817 3233 (primum
831 3169 898 3228 justo
918 3167 1010 3214 militiae
1028 3185 1078 3215 suae
1094 3185 1161 3216 more
1178 3170 1205 3217 in

144 3263 201 3299 sunt
217 3251 344 3309 Numidae,
360 3252 402 3314 qui
421 3251 448 3297 in
469 3249 555 3296 dextro
575 3263 652 3294 cornu
696 3247 776 3310 equis3
790 3244 891 3310 Gron.);
900 3257 1023 3308 postremo
1035 3247 1127 3294 omissis
1139 3250 1205 3312 equis

144 3330 219 3377 locati
228 3331 476 3378 fueranti’Postremo
486 3328 546 3392 quid
554 3342 652 3374 neeesse
697 3325 776 3390 (conf.
786 3326 817 3373 ad
826 3329 877 3384 lx,
890 3326 935 3386 39,
947 3342 972 3372 u.
984 3325 1027 3391 5),
1042 3327 1076 3373 ita
1091 3339 1119 3374 ut
1133 3330 1204 3392 pedi·

145 3419 182 3454 est
195 3408 295 3472 adjungi
302 3409 369 3455 Afris
380 3409 405 3455 in
417 3407 496 3455 media
511 3407 561 3453 acie
578 3405 653 3469 gallos
698 3417 733 3452 tes
746 3405 853 3468 peditem
866 3415 988 3467 tegerent,
999 3420 1085 3466 quum,
1099 3408 1206 3456 consulis

145 3487 308 3549 hispanosque
318 3487 424 3550 pedites,
434 3487 476 3550 qui
487 3486 514 3532 in
524 3501 550 3532 ea
560 3501 654 3548 semper
698 3484 836 3547 exemplum
848 3483 959 3546 sequuti,
974 3482 1005 3529 ad
1017 3484 1092 3546 pedes
1105 3484 1206 3533 descen·

145 3566 295 3612 sueretnem
306 3565 368 3610 clare
376 3583 407 3612 ex
415 3564 520 3629 Polybio
531 3563 653 3610 discimus.
698 3563 796 3612 dissent.
808 3591 843 3600 -
857 3561 1027 3616 Denuntianti‚
1039 3563 1169 3611 nuntianti.

144 3641 345 3703 Hasdrubal‚qui
355 3642 381 3688 in
389 3643 451 3689 laevo
461 3658 537 3690 cornu
545 3641 653 3706 hispanis
734 3644 756 3690 3.
774 3644 853 3705 Quam
867 3642 964 3688 rnalIem
977 3641 1072 3687 vinctos
1085 3642 1145 3688 mitt
1157 3655 1207 3691 tra·

146 3723 262 3786 gallisque
273 3720 394 3784 equitibus
404 3732 517 3784 praeerat,
528 3737 603 3783 quum
615 3736 654 3768 oc·
697 3722 764 3769 deret
776 3738 833 3779 eos,
848 3737 920 3784 quam
933 3737 1011 3777 nune,
1023 3720 1080 3766 dum
1099 3721 1130 3767 ad
1148 3723 1204 3770 ulti-

145 3799 651 3863 cidIoneoccidissetromanumequitatum,
697 3818 762 3847 mum
776 3801 880 3865 pedibas
891 3810 1015 3864 pugnant,
1033 3800 1204 3850 trucidandos!

145 3882 241 3929 transiit
251 3881 277 3926 in
289 3879 400 3933 dextrum
414 3894 503 3935 cornu,
514 3890 538 3925 et
549 3881 651 3939 eonjun·
697 3879 825 3927 strothius.
840 3880 919 3941 Quam
930 3879 1038 3933 mallem,
1052 3878 1079 3924 id
1089 3891 1138 3937 est,
1154 3898 1205 3929 non

146 3973 199 4008 otus
213 3958 325 4007 Numidis
338 3957 460 4005 sociorum
473 3957 565 4019 equites
578 3958 604 4004 in
617 3958 651 4004 su·
696 3957 851 4016 mallem,vel
861 3974 933 4020 quam
940 3974 1030 4019 [aarum
1039 3958 1205 4018 mullem,non

146 4057 199 4103 gum
213 4038 292 4094 uertit.
310 4041 357 4085 Eos
373 4036 460 4084 deiude
474 4037 652 4100 persequendos
697 4049 861 4100 prtautopere:
873 4036 973 4098 perinde
982 4048 1030 4093 est,
1042 4053 1069 4084 tu·
1080 4038 1099 4086 si
1110 4040 1206 4086 vinctos
