2782 4568
209 315 256 386 90
636 299 673 365 t.
707 299 845 368 [ΝΠ
1118 279 1242 389 atat:

208 443 225 477 a
242 412 311 483 bus
323 435 450 510 pacem
466 415 677 506 habeamus,
689 445 726 490 se
738 416 1106 517 modumimponere³
1124 445 1269 517 aequum

208 551 226 586 a
241 535 363 592 censet
374 549 381 590 :
392 525 652 598 circumscribit
661 528 887 626 includitque
899 553 966 598 nos
976 529 1268 627 terminisjtmon-

102 729 104 739 ,
207 659 224 696 a
243 632 333 700 tium
347 631 629 732 fluminumque,
645 663 795 735 quosne
809 638 1040 709 excedamus:
1057 664 1178 737 neque
1189 668 1266 731 eos,

206 766 333 838 «quos
351 747 497 835 statuit,
520 749 694 818 terminos
715 747 894 819 observat.
914 753 968 822 Ne
985 751 1166 820 transieris
1185 751 1266 823 Ibe-

207 884 223 918 «
238 877 319 923 rum
336 882 343 923 :
360 881 406 926 ne
419 857 507 954 quid
522 860 574 930 rei
591 860 657 930 tibi
672 861 717 929 sit
730 884 813 930 cum
823 861 1040 956 Saguntinis.
1052 860 1107 931 Ad
1120 860 1268 932 Iberum

206 991 223 1027 α
242 980 296 1035 est
315 971 528 1065 Saguntum.
542 976 725 1065 Nusquam
739 984 775 1040 te
793 971 943 1067 vestigio
957 972 1122 1041 moveris.
1137 977 1267 1044 Parum

205 1091 313 1164 «est,
337 1079 437 1175 quod
466 1081 673 1152 veterrimas
699 1081 902 1178 provincias
926 1102 1024 1150 meas
1053 1079 1207 1150 Siciliam
1231 1094 1267 1151 et

161 1240 163 1244 ,
204 1215 222 1250 a
239 1187 438 1258 Sardiniam
451 1190 592 1276 adimis3
607 1191 715 1260 etiam
730 1189 937 1287 Hispanias?
951 1202 986 1259 et
1004 1188 1091 1259 iride
1109 1213 1265 1278 cessero,

205 1327 222 1362 (ι
239 1299 278 1368 in
300 1297 454 1370 Africam
473 1298 726 1369 transcendes:
747 1297 978 1370 transcendes
995 1312 1133 1387 autern,
1160 1299 1266 1369 dico?

206 1436 224 1471 a
241 1407 332 1479 duos
350 1409 516 1480 consules
537 1409 645 1503 hujus
663 1410 767 1497 anni,
788 1434 903 1479 unum
921 1410 961 1478 in
981 1407 1154 1497 Africam,
1175 1409 1265 1478 alte·

205 1546 222 1581 a
236 1543 319 1588 rum
341 1520 380 1588 in
400 1519 606 1616 Hispaniam
631 1520 806 1589 miserunt
816 1516 839 1588 ⁵.
865 1520 962 1592 Nihil
982 1544 1136 1617 usquam
1159 1518 1265 1590 nobis

204 1655 222 1690 a
233 1628 399 1699 relictum
417 1642 490 1716 est,
513 1630 582 1698 nisi
600 1629 700 1725 quod
719 1631 825 1701 armis
844 1630 1108 1719 vindicarimus.
1126 1628 1198 1699 Illis
1219 1630 1265 1699 ti-

205 1766 221 1800 t<
240 1737 345 1807 midis
363 1753 398 1808 et
416 1739 551 1834 ignavis
569 1738 652 1809 licet
664 1735 785 1828 ¹esse‘3,
804 1740 868 1836 qui
887 1751 1092 1834 respectum
1110 1734 1266 1821 habent,
1317 1792 1320 1796 .

205 1875 223 1910 a
241 1871 333 1941 quos
346 1871 431 1916 suus
447 1871 547 1943 ager,
568 1873 632 1919 sua
646 1864 755 1937 terra,
771 1873 837 1947 per
850 1860 928 1917 tuta
943 1871 983 1916 ac
998 1857 1122 1942 pacata
1136 1846 1266 1915 itinera

147 1990 151 1995 ²
205 1957 435 2057 «fiigientes,
459 1962 635 2058 accipient
656 1991 663 2032 ε
683 1961 785 2047 vohis
802 1985 948 2034 necesse
971 1974 1024 2030 est
1043 1956 1199 2028 fortibus
1216 1961 1264 2028 vi·

202 2161 227 2209 in
237 2163 413 2222 Italiam5haec
423 2176 480 2212 sunt
490 2181 635 2231 synonyma.
645 2164 710 2214 Nos:
756 2164 811 2212 ien's
824 2165 928 2235 Iberum.
946 2162 1032 2226 Neque
1045 2161 1264 2210 contradictionem

200 2241 248 2289 wir
246 2240 340 2306 fiiliren
349 2243 418 2290 einen
426 2243 555 2309 offensiven
562 2245 651 2309 Krieg,
661 2245 714 2292 und
755 2243 880 2291 infundere
892 2254 940 2291 tam
954 2243 1105 2290 manifestam
1118 2242 1264 2306 aperuisset,

201 2321 258 2368 sind
269 2323 306 2369 als
321 2323 364 2369 der
376 2324 532 2388 angreyende
546 2323 615 2371 Theil
623 2324 648 2371 in
659 2326 711 2371 Ita·
755 2338 827 2385 quam
839 2321 916 2368 oculis
929 2321 1047 2381 subjicere
1059 2321 1113 2368 vult
1123 2320 1264 2367 Hannibal:

203 2399 250 2446 lien
259 2403 414 2464 gelromrnen;
427 2403 520 2451 Stroth.
755 2417 785 2447 ne
798 2412 874 2448 trans.
886 2402 950 2449 lb...
962 2416 992 2446 ne
1002 2400 1063 2464 quid
1070 2400 1106 2447 rei
1116 2399 1160 2446 n'bi
1169 2398 1202 2445 sit
1210 2415 1265 2445 cum

240 2480 262 2526 3.
272 2481 302 2525 Se
310 2481 375 2529 mod.
386 2481 491 2545 impon.;
502 2483 583 2539 mlx,
595 2488 639 2538 14,
649 2495 674 2527 n.
687 2488 709 2535 4.
755 2479 906 2544 Saguntinis,
917 2496 969 2528 non
980 2488 1128 2542 transgresso
1138 2477 1264 2525 Iberum.»

235 2565 259 2612 4.
269 2557 447 2606 Circumscribit
455 2559 603 2623 includitque
611 2575 655 2608 nos
664 2571 711 2606 ter·
755 2559 848 2607 Stroth.
869 2586 905 2594 —
924 2560 958 2604 Et
973 2561 994 2604 si
1015 2557 1071 2604 inde
1091 2571 1195 2611 cessero,
1216 2566 1263 2604 etc.

199 2635 282 2693 minis,
299 2647 359 2695 etc.;
371 2636 428 2684 vide
439 2637 470 2683 ad
482 2653 536 2702 cap.
550 2654 579 2696 2,
596 2655 621 2684 n.
633 2654 658 2700 9.
670 2641 711 2685 Se·
755 2637 856 2701 quodsi
866 2638 936 2694 etiam
950 2636 1049 2700 quidam
1060 2634 1117 2682 libri
1128 2634 1245 2681 inserunt.

199 2715 282 2778 quitur
295 2715 405 2779 dialogus
418 2717 553 2774 oratorius,
566 2717 593 2764 in
602 2733 652 2780 quo
660 2720 711 2766 Ro·
792 2717 815 2763 5.
826 2719 855 2763 In
867 2716 1013 2779 Hispaniam
1021 2713 1146 2771 miserunt,
1158 2728 1210 2761 non
1220 2712 1264 2759 mi·

198 2810 283 2841 manus
291 2795 351 2843 dicit
357 2810 387 2843 ne
394 2797 517 2843 transiens
523 2829 529 2843 .
536 2833 543 2844 .
549 2829 555 2841 .
562 2797 708 2862 Saguntinis,
754 2796 822 2843 sisti:
831 2811 887 2842 nam
896 2793 966 2842 linita
974 2793 1122 2858 apostrophe
1129 2808 1264 2840 sermonem

198 2884 223 2921 et
229 2889 348 2937 nusquam
358 2885 381 2920 te
386 2875 489 2939 vestigio
499 2875 612 2932 moveris,
622 2876 709 2939 quibus
753 2874 842 2921 iterum
858 2874 890 2921 ad
906 2873 996 2919 milites
1016 2869 1116 2934 dirigit3
1129 2871 1219 2920 Stroth.
1229 2897 1264 2907 -

198 2951 331 3015 respondet
344 2955 442 3001 Poenus.
456 2981 492 2989 —
505 2954 550 3000 Ad
564 2955 662 3001 Iberum
675 2966 711 3002 est
753 2953 810 3000 Nisi
819 2952 887 3016 quod
896 2951 971 2998 armis
980 2951 1172 3007 vindicarimus,·
1185 2950 1264 3014 suspi-

199 3019 356 3097 Saguntum:
375 3054 388 3072 «
398 3032 479 3080 Verba
501 3033 589 3095 Poeni,
605 3050 709 3097 quorum
753 3031 802 3078 cari
811 3028 1263 3095 possisvindicabimus;sedfuturum‚

200 3127 284 3158 sensus
303 3121 356 3158 est:
370 3110 456 3174 Neque
478 3123 574 3160 transeo
596 3112 709 3173 Iberum,
754 3113 824 3176 quod
844 3112 934 3160 dicitur
952 3121 1081 3170 exactum,
1102 3107 1219 3176 ἀορίστως
1239 3120 1265 3157 et

105 3186 107 3193 ⁴
199 3191 278 3238 foedus
290 3206 401 3250 servans3
414 3190 471 3250 sed,
487 3191 555 3254 quod
571 3207 602 3238 ex
618 3191 710 3239 foedere
753 3189 887 3237 modestius
898 3204 949 3235 rem
960 3187 1082 3250 exprimit.

199 3286 280 3317 meum
294 3281 344 3327 est,
358 3284 462 3334 occupo.
479 3272 562 3334 Quum
578 3271 663 3318 Iberus
676 3272 708 3318 sit
787 3269 812 3318 6.
827 3268 880 3315 Illis
896 3266 986 3314 timidis
999 3278 1024 3312 ct
1036 3263 1128 3330 r'gnans
1145 3263 1201 3311 licet
1214 3280 1264 3311 esse

198 3347 255 3396 finis
273 3347 352 3396 nostri
368 3349 480 3413 imperii,
494 3349 521 3396 in
537 3360 621 3397 nostra
639 3360 708 3414 parte
752 3345 795 3411 (ut
815 3363 873 3395 mox
893 3343 964 3393 uobis
987 3359 1081 3391 necesse
1102 3354 1137 3390 est
1154 3341 1264 3407 sortibus

96 3436 103 3449 ¹
200 3438 236 3474 est
253 3429 406 3495 Saguntum:
420 3444 524 3491 namque
538 3428 585 3484 ad,
600 3428 618 3474 i.
633 3445 655 3474 e.
672 3428 708 3475 cis
751 3426 813 3473 viris
824 3440 873 3472 esse
881 3423 1165 3488 perappositionem‚nt
1174 3422 1264 3487 passim

197 3507 293 3554 Iberum
302 3516 338 3553 cst
345 3507 486 3569 Saguntum.
498 3505 615 3552 Prudenti
627 3517 707 3554 autem
752 3504 807 3551 licet
815 3520 876 3560 esse,
887 3503 989 3567 contigit
997 3519 1059 3559 esse,
1071 3501 1162 3551 etsatrs
1172 3513 1264 3548 estesse

197 3585 300 3632 consilio
310 3584 623 3640 dixitLiviusadIberum,
633 3600 708 3647 quum
745 3582 834 3650 fideli,
852 3594 901 3630 cte.
920 3599 991 3646 qnam
1013 3583 1147 3631 dictionem
1167 3581 1264 3630 doctam

196 3678 276 3725 neque
282 3663 316 3709 cis
323 3664 428 3719 Iberum,
436 3679 515 3725 neque
525 3675 592 3710 trans
599 3663 705 3719 Iberum,
750 3661 833 3709 multis
851 3662 968 3726 exemplis
984 3662 1116 3710 illustravit
1131 3661 1216 3710 Heius.
1232 3660 1265 3708 ad

196 3742 249 3788 sine
263 3740 420 3805 ambiguitate
434 3741 515 3788 dicere
530 3751 621 3804 posset.
635 3741 707 3789 Nam-
750 3740 824 3788 Ovid.
838 3743 884 3806 Ep.
898 3745 956 3790 Her.
968 3743 1040 3799 mv,
1055 3739 1116 3804 64),
1129 3739 1173 3804 qui
1185 3754 1264 3800 respe-

149 3826 151 3830 '
198 3835 246 3882 que
264 3819 298 3865 cis
318 3820 356 3866 lt.
375 3836 454 3883 neque
473 3823 611 3879 Romanus,
627 3836 706 3884 neque
750 3831 815 3866 ctum
836 3820 940 3877 labant,
959 3821 985 3868 h.
1004 3836 1026 3868 e.
1044 3819 1182 3884 perfugium
1201 3815 1264 3880 (qui

198 3897 332 3954 Hannibal,
340 3899 390 3957 jam
400 3899 476 3963 Alpes
488 3911 662 3964 transgressus,
672 3898 707 3946 di-
749 3897 909 3962 habent‚qu0
918 3899 1063 3964 respiciant,
1072 3908 1097 3948 et
1105 3895 1216 3954 fiducia,
1226 3907 1263 3955 et,

198 3991 253 4023 cere
263 3985 376 4039 poterat:
391 3987 415 4023 et
428 3989 495 4025 trans
507 3980 571 4025 Iber.
583 3977 706 4026 adversari
750 3977 772 4025 si
782 3994 821 4024 res
832 3978 926 4043 exigat,
937 3978 1021 4026 auxilii
1032 3976 1123 4040 gratim
1133 3977 1262 4023 cronon:

196 4055 275 4103 visum
295 4065 357 4103 esset
370 4054 452 4103 verbis
469 4055 567 4105 laederis
580 4073 611 4105 ne
627 4068 706 4107 trans·
750 4057 838 4121 quibus
852 4075 866 4107 a
879 4069 948 4123 tergo
963 4058 1025 4122 fugae
1037 4056 1110 4121 copia
1122 4055 1205 4115 datur,
1221 4053 1262 4103 die
