2782 4568
1074 314 1103 350 A.
1116 310 1146 351 C.
1161 313 1211 357 ard.

161 344 231 427 44²
589 340 625 405 T·
656 337 796 405 LIVH
1072 371 1140 413 uc.
1157 375 1209 414 ssa.

160 463 245 536 dem
257 485 361 533 causa
372 458 418 530 ad
432 456 663 529 subeundum
682 456 836 527 arduum
856 450 994 523 aditum
1006 451 1241 525 instabilem·

160 596 234 668 que
250 572 450 667 ingressum
470 565 663 664 praebebat.
686 571 757 655 Ita,
775 563 926 636 consilio
945 560 1089 648 habito,
1110 587 1240 660 quum

160 683 278 752 omnis
297 693 446 751 conatus
460 677 618 749 ludibrio
636 692 746 765 esset,
761 675 933 746 absistere
947 674 1239 771 oppugnatione

160 805 270 887 atque
292 786 493 860 obsidendo
515 801 658 858 tantum
681 811 801 858 arcere
822 801 917 856 terra
934 785 1101 880 marique
1126 808 1240 856 com-

159 898 338 971 meatibus
356 898 497 968 hostem
517 897 661 995 placuit.

208 1014 352 1081 XXXV.
382 1008 531 1078 Interim
555 1007 766 1093 Marcellus,
790 1028 882 1077 cum
897 1004 1003 1075 tertia
1023 1002 1100 1075 fere
1124 1020 1240 1101 parte

159 1120 336 1193 exercitus
345 1117 391 1188 ad
403 1117 626 1215 recipiendas
640 1117 749 1189 urbes
760 1115 959 1215 profectus,
972 1138 1053 1212 quae
1067 1115 1108 1184 in
1123 1130 1240 1187 motu

158 1254 280 1302 rerum
296 1229 341 1299 ad
356 1228 666 1327 Carthaginienses
684 1226 907 1314 defecerant,
926 1226 1102 1296 Helorum
1116 1241 1240 1323 atque

158 1339 379 1412 Herbessum
389 1338 1113 1437 ¹,dedentibusipsis,recipit.Megaravi²
1123 1352 1238 1435 capta

159 1449 270 1523 diruit
290 1475 331 1521 ac
349 1449 498 1548 diripuit
518 1449 563 1519 ad
583 1452 829 1547 reliquorum,
847 1473 888 1520 ac
901 1451 1054 1519 maxime
1071 1452 1239 1544 Syracu-

159 1585 347 1647 sanorum,
363 1576 550 1632 terrorem.
565 1567 634 1632 Per
648 1560 744 1632 idern
758 1558 834 1631 lere
849 1575 991 1657 tempus
1004 1568 1039 1630 et
1050 1557 1238 1648 Himilco,

161 1673 224 1769 qui
246 1671 291 1741 ad
309 1671 466 1767 Pachyni
484 1673 776 1768 promontorium
794 1670 942 1742 classem
956 1668 1020 1740 diu
1038 1682 1236 1757 tenuerat,

161 1780 206 1851 ad
221 1780 427 1851 Heracleam
437 1788 571 1879 ,quam
587 1795 717 1851 vocant
734 1783 893 1852 Minoam
903 1777 931 1869 ³,
946 1781 1110 1877 quinque
1130 1794 1170 1851 et
1184 1780 1236 1850 vi·

160 1892 251 1988 giuti
273 1890 383 1976 millia
408 1890 596 1986 peditum,
619 1892 687 1960 tria
717 1892 903 1987 equitum,
928 1888 1122 1960 duodecim
1155 1888 1234 1961 ele-

160 2000 318 2099 phantos
330 2001 497 2096 exposuit
506 2027 515 2087 ;
525 2025 756 2097 nequaquam
768 2025 850 2072 cum
862 2001 1006 2097 quantis
1019 1998 1134 2096 copiis
1146 2013 1234 2070 ante

161 2125 330 2183 tenuerat
345 2110 388 2180 ad
402 2110 611 2207 Pachynum
626 2112 783 2182 classem.
795 2112 863 2184 Sed
878 2125 1070 2209 postquam
1086 2107 1133 2178 ab
1149 2111 1234 2207 Hip

160 2238 307 2322 pocrate
322 2238 504 2321 occupatae
519 2225 723 2318 Syracusael
739 2237 859 2308 erant,
879 2221 1061 2321 profectus
1079 2219 1233 2291 Cartha·

161 2337 281 2432 ginem
301 2334 519 2431 adjutusque
533 2334 584 2405 ibi
598 2350 634 2405 et
650 2333 695 2404 ab
714 2333 837 2431 legatis
851 2334 1080 2431 Hippocratis
1096 2331 1231 2403 literis·

162 2471 235 2543 que
249 2446 478 2535 Hannibalis,
492 2447 556 2541 qui
571 2446 708 2516 venisse
727 2460 872 2543 tempus
887 2443 1006 2515 aiebat
1020 2443 1149 2514 Siciliae
1165 2467 1234 2541 per

196 2645 259 2692 Car.
272 2645 382 2690 XXXV.
398 2660 419 2690 1.
434 2645 550 2691 Helorum
565 2643 613 2710 (al.
627 2647 672 2692 Pe·
716 2655 784 2693 retur
792 2645 918 2693 Daedalum
933 2644 1000 2712 (vide
1010 2644 1115 2692 Diodor.
1125 2647 1175 2704 lv,
1185 2661 1233 2710 79,

160 2722 251 2785 lorum)
261 2723 500 2782 ntqaeHerbessum,·
510 2723 566 2770 vide
576 2723 607 2770 ad
618 2739 671 2786 cap.
716 2736 741 2773 et
758 2727 836 2784 XVI,
858 2724 918 2788 19),
937 2724 1056 2790 oppidum
1080 2723 1233 2773 maritimum

163 2803 212 2859 30,
229 2817 255 2849 u,
274 2817 294 2847 r.
318 2802 420 2848 Helorus
436 2813 461 2870 et
477 2801 565 2848 fluvius
587 2802 671 2867 (hodie
716 2807 872 2868 vicinumque
881 2805 1028 2869 Agrigento,
1039 2805 1105 2868 quod
1114 2805 1234 2853 Diodoro

159 2880 273 2929 Atellam
287 2892 358 2944 atque
372 2879 458 2945 Aliso)
471 2892 495 2928 et
503 2881 636 2945 oppidum,
649 2882 672 2929 ei
716 2898 741 2934 et
754 2886 874 2933 Plutarch.
888 2884 968 2948 simpl.
981 2884 1082 2941 Mutua,
1101 2885 1197 2950 Polyb.
1207 2888 1242 2945 1,

160 2960 322 3024 impositum;
340 2960 397 3007 vide
419 2961 482 3007 Plin.
507 2962 673 3022 XXX11‚2;
720 2967 765 3024 18,
784 2967 828 3023 30,
851 2965 893 3012 53.
918 2964 1039 3009 Heraclea
1059 2962 1104 3010 sed
1125 2966 1156 3022 1,
1180 2966 1236 3035 25,

160 3039 673 3103 niodor.x111‚19;aasu.1V,2s9‚et
715 3030 866 3114 spamus
885 3040 975 3095 Μινώα
992 3042 1089 3090 dicitur.
1112 3070 1151 3079 -
1167 3045 1237 3093 vus

161 3121 246 3183 hipp.
257 3120 331 3167 Ovid·
343 3123 407 3166 Fast·
416 3120 462 3178 IV,
476 3122 535 3181 487·
551 3147 586 3156 —
601 3121 672 3168 Cluv·
717 3123 833 3189 stephan.
847 3124 873 3171 in
886 3134 987 3185 utraque
1000 3137 1061 3169 voce
1078 3131 1103 3170 et
1120 3123 1234 3171 Suidam.

161 3197 228 3245 Sicil.
238 3209 288 3246 aut.
298 3201 323 3255 1,
340 3200 384 3255 13,
397 3198 519 3247 existimat
530 3199 615 3246 urbem
624 3201 674 3246 He·
716 3207 762 3254 En.
777 3231 812 3240 —
828 3204 993 3266 Nequaquam
1005 3217 1060 3248 eum
1071 3204 1176 3264 quantu}
1193 3220 1234 3251 eo·

163 3276 241 3323 lorum
253 3277 372 3325 diversam
389 3294 440 3324 esse
453 3295 468 3325 a
485 3278 584 3326 castello
597 3279 673 3325 Eloro
713 3283 775 3348 piis,
789 3298 845 3328 cum
858 3280 1049 3344 tantis,quantae
1067 3296 1121 3327 uon
1133 3282 1236 3331 fueraut

67 3352 68 3356 ’
161 3354 230 3418 quod
243 3354 309 3419 apud
322 3356 441 3415 Plinium,
454 3358 511 3406 loco
526 3357 601 3405 modo
614 3357 674 3404 cita·
717 3362 780 3420 illae,
802 3377 858 3408 cum
877 3359 966 3424 quibus
985 3370 1043 3406 aute
1063 3370 1182 3409 tenuerat
1200 3363 1239 3410 ad

161 3444 202 3492 to,
214 3445 369 3481 memoratur.
379 3439 424 3483 En.
441 3464 476 3472 -
488 3436 635 3484 Dedeutibus
649 3451 675 3482 se
717 3444 747 3487 P.
762 3441 861 3488 classem
866 3457 876 3497 ;
889 3440 953 3496 sive,
970 3455 1025 3486 cum
1039 3440 1120 3504 copiis
1133 3444 1238 3504 majori·

160 3512 218 3576 ipsis
231 3512 349 3570 urbibus,
364 3513 390 3560 h.
406 3530 427 3560 e.
444 3514 551 3575 civibus5
566 3515 624 3563 vide
640 3513 672 3561 nil
714 3521 775 3580 bur,
789 3536 862 3583 quam
873 3530 971 3582 quanta
981 3519 1089 3576 fuerant,
1102 3531 1150 3568 etc.

161 3593 216 3650 111,
229 3599 271 3652 47,
283 3607 309 3638 u.
323 3607 344 3637 1.
752 3607 776 3656 4,
786 3600 826 3648 Ab
834 3597 983 3662 Hippocrate
992 3609 1119 3661 occupata
1126 3601 1153 3646 S.
1158 3618 1171 3657 ,·
1182 3603 1238 3651 vid.

197 3686 221 3717 2.
237 3673 341 3735 Megara
352 3669 381 3717 vi
388 3681 462 3734 capta
468 3672 538 3720 MSS.
551 3674 605 3719 Put.
619 3673 671 3719 Pet.
716 3679 748 3726 ad
760 3695 814 3743 cap.
825 3686 873 3737 24,
891 3695 918 3725 n.
935 3693 957 3724 1.
972 3704 1008 3713 —
1020 3675 1182 3742 Adjutusque
1193 3681 1236 3730 ibt.

160 3759 185 3796 et
198 3749 229 3796 al.
243 3752 372 3814 Megaram
385 3748 415 3797 vi
430 3761 528 3814 captam
546 3750 602 3798 edd.
615 3761 672 3799 ante
714 3758 849 3823 Legebatur
864 3767 935 3804 autea
951 3755 1092 3818 aditusque,
1109 3757 1152 3804 rel
1168 3760 1237 3808 acci-

162 3828 240 3877 Gron.
255 3829 327 3877 Conf.
338 3829 368 3876 ad
381 3845 435 3895 cup.
446 3830 492 3888 30,
504 3845 530 3876 n.
537 3830 561 3878 6.
716 3849 807 3900 rusque.
827 3836 921 3885 Primus
943 3833 1039 3899 Lipsius
1057 3836 1170 3895 conjecit
1188 3840 1237 3887 ad-

198 3907 221 3952 3.
242 3907 284 3953 Ad
303 3909 465 3966 Heracleam,
485 3924 560 3972 quam
580 3921 674 3957 vocant
710 3915 799 3980 jutus,
829 3914 870 3961 cui
892 3913 1022 3961 assentitur
1046 3913 1103 3962 cod.
1128 3916 1238 3973 Puteau.

160 3983 271 4031 Minoam
291 4002 305 4032 a
322 3988 408 4035 Minoe
426 3988 543 4047 cretensi,
559 3988 602 4052 qui
618 4005 672 4036 eam
715 3992 824 4041 Himilco
837 3993 1006 4057 Carthaginem
1021 4002 1121 4039 venerat
1139 3994 1176 4042 ad
1192 4013 1238 4045 au-

159 4062 299 4114 condidisse
310 4065 443 4124 dicebatur,
456 4083 532 4131 quum
542 4083 672 4132 perteque-
716 4072 806 4139 gandae
824 4073 922 4146 copiasj
935 4072 985 4122 duo
1000 4087 1055 4120 eum
1074 4087 1128 4122 aon
1144 4073 1239 4127 leviter
1258 4084 1262 4089 '
1282 4058 1285 4063 Ι
