2782 4568
219 306 290 392 aaa
645 311 681 379 r.
708 309 843 381 mvn
1128 290 1256 411 lztzttlt

137 470 143 481 ι
216 431 349 503 Mentis
358 430 395 499 in
407 427 586 526 Capitolio
597 428 787 520 dedicavit,
800 433 837 502 in
848 431 1003 502 Siciliam
1015 457 1096 503 cum
1110 434 1282 533 imperio,

219 542 282 638 qui
299 539 399 610 classi
414 553 597 635 praeesset,
611 541 751 612 missus.

265 654 424 743 XXXIII.
444 655 486 720 In
500 649 593 719 hanc
607 649 872 722 dimicationem
886 661 896 692 ¹
912 648 1067 720 duorum
1081 650 1282 749 opulentis»

218 766 392 835 simorum
409 761 566 830 interris
582 759 802 858 populorum
819 784 944 831 omnes
957 784 1059 856 reges
1077 774 1281 858 gentesque

214 875 353 953 animos
363 870 603 942 intenderant.
615 877 714 942 Inter
723 895 815 967 quos
824 871 1025 968 Philippus,
1037 870 1280 942 Macedonum

216 1007 299 1070 rex,
318 1006 362 1052 eo
381 981 510 1077 magis,
530 979 630 1077 quod
650 981 801 1078 propior
819 980 927 1051 Italiae
938 990 953 1021 ²
970 1005 1011 1052 ac
1029 982 1117 1050 mari
1135 995 1281 1051 tantum
1304 1046 1308 1055 .

216 1095 321 1164 Ionio
336 1090 509 1162 discretus
524 1104 609 1162 erat.
621 1096 655 1160 Is
667 1090 731 1163 ubi
744 1091 899 1188 primum
917 1088 1009 1160 fama
1024 1092 1176 1187 accepit,
1186 1095 1281 1160 Hau*

216 1201 373 1277 uibalem
388 1202 494 1299 Alpes
512 1216 791 1298 transgressum,
811 1214 852 1271 ut
869 1199 966 1271 hello
987 1202 1081 1271 inter
1096 1205 1280 1271 Romanos

216 1318 440 1409 Poenumque
459 1327 540 1384 orto
558 1311 696 1383 laetatus
715 1326 812 1401 erat,
834 1313 900 1401 ita,
919 1313 1034 1382 utrius
1053 1311 1180 1409 populi
1194 1310 1280 1399 mal⁴

217 1423 267 1494 let
285 1424 470 1493 victoriam
492 1447 588 1509 esse,
611 1423 756 1492 incertis
778 1421 896 1493 adhuc
914 1420 1070 1509 viribus,
1086 1420 1280 1492 fluctuatus

215 1535 337 1604 animo
350 1530 476 1606 fuerat.
493 1538 687 1629 Postquam
700 1533 805 1603 tertia
817 1533 891 1627 jam
905 1557 1042 1630 pugna,
1057 1531 1161 1603 tertia
1173 1531 1280 1601 victer

215 1645 268 1713 ria
281 1668 364 1715 cum
375 1645 494 1714 Poenis
506 1658 597 1730 erat,
609 1643 654 1714 ad
667 1641 849 1713 fortunam
861 1643 1060 1729 inclinavit,
1070 1641 1280 1738 legatosque

216 1754 261 1824 ad
277 1752 517 1824 Hannibalem
533 1754 629 1823 misit
646 1780 654 1822 :
670 1755 756 1850 qui,
777 1754 929 1824 vitantes
950 1767 1077 1850 portus
1095 1748 1280 1822 brundisi-

215 1888 304 1933 num
328 1863 641 1958 terentiumque,
664 1865 749 1959 quia
766 1862 937 1933 custodiis
955 1862 1099 1929 navium
1115 1883 1281 1931 romana*

216 1996 296 2042 rum
312 1970 543 2062 tenebantur,
556 1972 602 2043 ad
614 1974 764 2044 Laciniae
779 1971 931 2043 Iunonis
947 1967 1143 2066 templum³
1158 1971 1197 2039 in
1214 1984 1282 2039 ter⁶

216 2105 294 2153 ram
309 2084 439 2180 egressi
454 2096 549 2153 suntt
562 2082 652 2153 Inde
667 2106 732 2180 per
741 2079 906 2178 Apuliam
923 2094 1087 2176 petentes
1100 2084 1279 2178 Capuam,

215 2190 334 2261 media
355 2193 392 2261 iu
410 2191 573 2289 praesidia
590 2215 740 2261 romana
761 2189 852 2259 illati
870 2204 972 2277 sunt3
993 2188 1221 2286 deductique·
1234 2188 1282 2260 ad

215 2301 459 2399 MtValerium
472 2303 655 2371 Laevinum
675 2315 885 2398 pretorem,
905 2301 999 2371 circa
1012 2301 1200 2372 Luceriam
1219 2325 1282 2372 ca*

218 2425 291 2481 stra
310 2410 515 2480 habentem.
534 2409 590 2479 Ibi
609 2409 788 2506 intrepide
809 2409 1072 2508 Xenophanes,
1093 2411 1282 2508 legationis

216 2521 401 2616 princeps,
415 2544 436 2588 a
448 2518 613 2615 Philippo
627 2544 710 2616 rege
725 2544 762 2592 se
775 2519 940 2609 missum,
954 2523 1014 2611 ait,
1029 2521 1074 2591 ad
1089 2521 1282 2592 amicitiam

216 2629 496 2724 societatemque
511 2628 732 2727 jungendam
749 2655 831 2702 eum
847 2631 986 2728 populo
1001 2655 1151 2700 romano
1165 2657 1172 2698 ε
1184 2655 1286 2700 mane

217 2736 299 2807 data
312 2736 446 2809 habere
460 2736 506 2808 ad
520 2741 703 2829 consules,
721 2764 761 2811 ac
778 2754 944 2810 senatum
958 2740 1210 2838 populumque
1223 2762 1281 2809 ro·

216 2871 376 2918 manum.
387 2854 531 2937 Praetor,
544 2850 638 2920 inter
652 2847 894 2921 defectiones4
905 2863 1068 2920 veterum
1082 2850 1282 2938 sociorum,

217 3036 248 3094 ad
259 3038 336 3097 XXI,
351 3054 390 3097 11,
400 3055 425 3085 n.
433 3053 471 3086 ιο.
479 3064 514 3075 -
524 3038 573 3100 Qui
580 3038 653 3086 classi
658 3055 725 3103 prce·
768 3039 863 3088 rideret
872 3039 999 3103 Philippus
1011 3038 1105 3087 tertiam
1113 3038 1162 3098 jam
1173 3048 1282 3100 pugnam

216 3129 296 3165 esset:
310 3118 338 3168 τὸ
352 3118 395 3182 qui
403 3133 450 3181 pro
460 3134 522 3181 quo,
535 3116 576 3165 vel
584 3129 618 3166 uta
629 3119 668 3166 Sic
679 3133 725 3182 pro
768 3119 864 3167 tertiam
878 3119 954 3165 fuisse.
964 3117 1090 3165 victoriam
1105 3116 1136 3163 ab
1149 3118 1283 3165 Poenorum

217 3208 244 3243 ut
253 3198 353 3256 XXVI,
371 3213 415 3257 17,
429 3214 454 3244 u.
471 3205 495 3251 4.
520 3197 611 3246 Confer
623 3197 726 3245 Zinzerl.
770 3208 853 3261 parte,
873 3198 938 3254 slve,
949 3199 1038 3245 Poenos
1048 3208 1085 3244 ter
1093 3208 1213 3260 pugnasse
1225 3204 1283 3240 oum

181 3284 183 3288 ’
218 3275 300 3323 Prom.
311 3276 365 3322 crit.
375 3291 428 3339 cap.
443 3278 466 3323 3.
771 3277 905 3334 Romanis,
916 3287 952 3325 ter
963 3276 1057 3323 vicisse.
1070 3277 1107 3322 Ita
1118 3274 1189 3322 Crev.
1199 3274 1245 3320 Eu.

253 3355 315 3402 Car.
328 3356 451 3404 XXXIII.
464 3370 485 3401 1.
503 3357 533 3400 In
548 3354 613 3401 lanc
625 3353 727 3402 dimica·
807 3357 831 3403 3.
839 3355 883 3402 Ad
889 3355 997 3402 Lueinice
1003 3353 1105 3401 Junom's
1114 3352 1226 3416 templum
1231 3349 1283 3406 ;de

217 3432 320 3489 tionem,
332 3442 379 3479 etc.
393 3435 473 3495 Quam
486 3445 542 3497 epte
552 3433 605 3480 haee
617 3449 683 3480 nunc
695 3434 727 3482 ad
771 3450 820 3497 quo
831 3434 888 3482 vide
904 3434 1002 3490 XXIV,
1012 3433 1036 3479 3.
1045 3433 1103 3478 Vox
1114 3431 1226 3493 templum
1237 3426 1281 3475 ab·

179 3540 182 3545 ,
215 3526 306 3558 novam
317 3510 497 3558 dimicationem
507 3511 643 3574 Anglorum
654 3515 727 3560 Frau-
771 3513 922 3560 estamultis
931 3513 1037 3567 MSS,et
1046 3511 1109 3558 forte
1118 3507 1229 3556 delenda.
1240 3507 1281 3555 cf.

217 3606 348 3652 eorumque
361 3590 489 3638 transferre
502 3589 578 3638 lleet?
771 3591 802 3639 ad
812 3608 865 3655 cap.
882 3593 929 3648 34,
939 3606 966 3636 n.
981 3605 1012 3648 a,
1030 3600 1054 3637 et
1070 3590 1102 3637 ad
1115 3591 1140 3646 I,
1156 3588 1201 3646 33,
1219 3602 1245 3632 n,
1256 3585 1282 3633 (ἰ

252 3682 277 3716 a.
299 3669 350 3729 Quo
363 3669 467 3732 propior
484 3669 580 3726 lentim·
593 3670 677 3717 confer
694 3670 728 3718 ud
770 3672 833 3718 Mox
845 3667 971 3716 Luceriam
984 3669 1065 3732 recepi
1076 3685 1108 3716 ex
1123 3665 1284 3714 emendvv.

217 3749 243 3806 1,
257 3748 300 3806 23,
312 3764 337 3795 n.
345 3763 368 3809 9.
377 3748 521 3795 -Incertis
531 3747 612 3795 adhuc
624 3748 725 3807 uiribus,
770 3750 825 3796 DD.
840 3765 912 3811 quam
921 3746 1001 3795 firmat
1007 3749 1072 3812 inpr.
1084 3763 1136 3810 cap.
1149 3747 1189 3801 48.
1204 3743 1283 3790 Nuce·

218 3842 294 3891 quum
302 3826 411 3874 nondum
421 3838 554 3886 constaret,
563 3829 727 3892 uter-populus
770 3828 834 3878 riam
843 3828 882 3874 vel
893 3826 1035 3874 Numeriam
1044 3826 1145 3883 MSS,et
1157 3821 1216 3870 edd.
1228 3820 1283 3871 aad·

218 3904 274 3968 plus
286 3904 377 3954 viribus
393 3906 482 3955 valeret
497 3907 572 3955 altero
577 3925 588 3966 ς,
607 3909 681 3954 Doer.
693 3933 728 3944 -
771 3917 901 3969 utrumque
914 3905 944 3952 ab
957 3904 981 3953 h.
994 3905 1010 3952 l.
1021 3904 1134 3951 alienum.

168 4037 172 4044 ι
220 3983 361 4031 Fluctuatus
373 3985 478 4050 fiterar5
492 3987 549 4033 vide
567 3985 598 4033 ad
616 3988 661 4039 IV,
679 3993 727 4044 24,
808 3993 831 4040 4.
852 3987 954 4041 Praetor,
975 3983 1037 4031 inter
1053 3980 1208 4046 defectiones,
1230 3989 1284 4027 ete·

219 4074 244 4111 u·
255 4076 279 4109 a.
296 4088 332 4116 ·-‚
345 4066 478 4127 Postquam
490 4064 563 4112 tertia
569 4099 578 4122 ,
589 4075 635 4113 etc.
644 4066 727 4126 Quum
772 4063 811 4111 Sic
822 4063 919 4127 quidam
926 4062 989 4112 MSS
997 4072 1139 4123 senatump.
1153 4056 1284 4108 arusia-
