2782 4568
122 242 125 247 ¹
224 289 288 378 154
645 299 682 364 r.
713 298 851 367 mvn

172 476 174 480 ,
218 414 344 487 consul
354 411 627 511 aberat⁵,aquo
638 443 715 488 uno
724 417 795 488 dici
804 443 910 516 posse
920 419 1121 511 videbatur,
1133 449 1200 495 nec
1210 449 1276 522 per

216 541 428 625 occupatam
446 526 553 597 armis
570 529 711 623 punicis
729 529 866 600 Italiam
881 529 983 602 facile
1004 547 1080 602 erat
1097 549 1159 604 aut
1178 561 1274 606 nun-

215 640 327 725 tium,
343 652 404 709 aut
418 637 537 708 literas
547 639 661 725 mitti,
674 664 741 710 nec
755 639 967 712 dictatorem
981 641 1139 739 populus
1152 669 1274 717 creare

214 762 371 845 poterat,
391 747 491 845 quod
509 773 699 844 nunquam
714 766 798 821 ante
823 774 900 821 cam
916 750 1010 821 diem
1027 751 1163 823 factum
1178 770 1273 843 erat,

119 867 121 870 ’
214 859 495 956 prodictatorem
510 858 666 954 populus
685 861 816 928 creavit
833 862 877 948 Q.
893 858 1042 930 Fabium
1058 863 1273 948 Maximum,

213 985 249 1040 et
268 963 478 1067 magistrum
497 970 662 1065 equitnm
685 973 734 1039 Μ.
753 970 953 1040 Minucium
972 968 1117 1041 Rufum.
1138 973 1274 1068 Hisque

212 1079 398 1175 negotium
413 1079 457 1149 ab
472 1093 599 1149 senatu
614 1079 754 1161 datum,
773 1093 813 1149 ut
831 1104 953 1151 muros
969 1095 1159 1177 turresque
1173 1080 1274 1152 urbis

213 1187 414 1269 firmarent,
432 1204 467 1259 et
481 1187 643 1285 praesidia
658 1187 911 1285 disponerent,
924 1190 1057 1287 quibus
1071 1191 1157 1262 locis
1174 1191 1271 1262 vide-

210 1313 354 1385 rentur,
365 1313 568 1397 pontesque
577 1297 824 1370 rescinderent
838 1297 1031 1370 fluminum
1045 1327 1053 1369 :
1067 1300 1112 1369 ad
1125 1313 1273 1396 penates

211 1434 278 1504 pro
295 1409 385 1480 urbe
402 1408 649 1479 dimicandum
661 1432 737 1478 esse
746 1405 774 1497 ⁶,
788 1410 937 1506 quando
951 1404 1090 1481 Italiam
1105 1412 1198 1480 tueri
1210 1435 1272 1481 ne·

210 1532 384 1613 quissent.
655 1607 658 1615 ,
798 1609 801 1614 -

258 1633 320 1699 IX.
341 1626 520 1699 Hannibal
540 1641 640 1698 recto
658 1629 787 1699 itinere
806 1653 871 1726 per
889 1628 1074 1700 Umbriam
1092 1654 1207 1725 usque
1227 1627 1294 1698 ad·

207 1737 397 1832 Spoletum
407 1738 517 1807 venit.
531 1737 640 1824 Inde,
662 1763 777 1834 quum
790 1737 1032 1834 perpopulato
1045 1762 1129 1833 agro
1141 1738 1269 1809 urbem

208 1869 422 1943 oppugnare
443 1846 590 1918 adortus
611 1862 724 1935 esset,
747 1869 830 1916 cum
855 1870 984 1942 magna
1005 1845 1099 1916 caede
1122 1869 1270 1917 suorum

205 1954 390 2053 repulsus,
403 1956 612 2050 conjectans
623 1982 666 2026 ex
676 1957 785 2024 unius
796 1953 947 2024 coloniae
958 1953 1054 2024 haud
1066 1956 1171 2024 nimis
1185 1980 1271 2053 pro·

205 2089 309 2162 spere
336 2079 480 2135 tentatae
505 2064 660 2150 viribus,
691 2077 827 2158 quanta
854 2063 968 2134 moles
990 2088 1147 2135 romanae
1169 2065 1270 2137 urbis

205 2191 314 2263 esset;
327 2177 365 2245 in
382 2200 507 2275 agrum
521 2176 692 2273 picenum
708 2175 836 2244 avertit
848 2175 933 2263 iter,
948 2199 1024 2245 non
1035 2177 1139 2272 copia
1152 2176 1270 2246 solum

202 2289 321 2357 omnis
355 2288 495 2384 generis
525 2284 671 2382 frugum
705 2282 974 2370 abundantem,
1002 2284 1065 2355 sed
1094 2284 1269 2356 refertum

201 2395 364 2493 praeda¹,
388 2420 498 2491 quam
521 2392 634 2465 effuse
655 2392 749 2462 avidi
771 2409 879 2490 atque
901 2409 1047 2490 egentes
1065 2395 1266 2492 rapiebant.

199 2501 255 2573 lbi
270 2529 336 2600 per
353 2504 430 2575 dies
442 2505 581 2601 aliquot
596 2504 722 2573 stativa
741 2502 886 2573 habita:
902 2503 1130 2601 refectusque
1144 2505 1268 2591 miles,

201 2612 361 2683 hibernis
371 2613 572 2701 itineribus,
587 2638 627 2684 ac
640 2613 789 2710 palustri
798 2616 864 2701 via,
878 2614 1088 2711 praelioque,
1100 2617 1210 2713 magis
1222 2600 1269 2685 ad

200 2735 394 2794 eventum²
411 2722 589 2809 secundo,
608 2749 715 2820 quarn
731 2724 878 2795 leviant
896 2723 1006 2812 facili,
1020 2725 1180 2796 affectus.
1195 2726 1267 2798 Ubi

197 2833 283 2903 satis
312 2820 442 2928 quietis
467 2832 592 2902 datum
618 2833 739 2929 praeda
765 2860 806 2905 ac
834 2835 1133 2933 populationibus
1156 2837 1268 2932 magis

199 3026 372 3081 tiahaberent‚
387 3041 438 3071 nou
452 3025 627 3089 rempublicam
642 3040 709 3088 gere·
790 3027 851 3074 Car.
866 3029 912 3074 IX.
928 3043 947 3074 1.
966 3027 1015 3073 Sed
1031 3026 1137 3090 (etiam)
1155 3028 1268 3093 restantem

201 3107 323 3178 rent3Eu.
749 3105 855 3169 praeda,·
867 3106 917 3152 vid.
928 3107 959 3153 ad
970 3108 996 3163 Ῑ,
1012 3114 1057 3165 do,
1069 3124 1094 3153 n.
1107 3124 1127 3153 1.

236 3186 259 3232 5.
280 3187 314 3231 Et
331 3184 414 3250 (forte
435 3183 479 3231 sed
484 3202 494 3240 ;
512 3183 590 3249 Mur.)
608 3183 668 3248 qnia
687 3194 711 3228 et
790 3201 816 3232 a.
825 3185 933 3232 Palnstri
943 3186 988 3232 via
1001 3182 1076 3247 (conf.
1088 3203 1142 3250 cap.
1154 3184 1190 3250 a),
1200 3201 1267 3248 proe-

195 3265 283 3312 consul
294 3264 383 3311 aberat
385 3298 440 3320 ......
447 3263 648 3327 prodidactorem
661 3262 711 3327 (di-
756 3264 845 3327 licque,
857 3264 934 3328 magis
944 3264 981 3311 ad
988 3275 1095 3310 eventum
1105 3264 1165 3328 (vid.
1175 3262 1207 3309 ad
1218 3266 1268 3322 nt,

197 3356 316 3392 oratorem
329 3344 410 3390 minua
421 3354 533 3390 accurate
543 3343 609 3408 apud
621 3343 710 3408 Polyb.
760 3343 802 3401 16,
813 3360 838 3389 n.
850 3341 882 3406 9)
898 3342 1015 3398 secundo,
1031 3342 1175 3406 quam-levi,
1190 3359 1268 3406 parvo

93 3425 96 3434 '
198 3426 248 3482 111,
264 3424 312 3487 87)
324 3423 431 3486 populus
446 3422 536 3468 creavit
549 3422 709 3477 Fabinrmcf.
755 3432 779 3467 et
795 3437 850 3467 cum
863 3420 1108 3484 paucis‚autsacili,
1122 3421 1175 3467 sine
1183 3420 1268 3468 labore

197 3519 251 3567 cap.
264 3505 293 3550 31
307 3512 369 3548 extr.
384 3512 408 3548 et
419 3502 464 3557 IV,
476 3501 518 3547 31.
754 3509 779 3546 et
796 3498 940 3546 difficultate
957 3500 1060 3546 feliciter
1077 3499 1269 3558 committendo,

233 3583 258 3629 6.
279 3581 323 3627 Ad
329 3591 433 3643 penates
448 3596 496 3642 pro
515 3580 572 3625 urbe
591 3578 710 3625 dimicari·
754 3576 874 3643 affectu&
893 3577 950 3624 vide
970 3578 1001 3625 ad
1019 3579 1051 3637 V,
1074 3595 1119 3637 ιο,
1134 3595 1159 3625 n.
1176 3580 1201 3626 6.
1222 3580 1269 3628 Ubi

198 3661 257 3706 dum
270 3676 335 3717 esse;
349 3660 415 3706 conf.
429 3658 461 3705 ad
474 3660 514 3716 11,
530 3655 577 3716 32,
592 3652 620 3704 ιι.Ι
629 3659 653 3705 6.
668 3657 712 3703 Ad
753 3657 813 3703 satis
824 3655 911 3719 quietis
921 3655 952 3702 ad
964 3672 1067 3720 oorpma
1079 3656 1209 3704 reficienda
1221 3654 1268 3700 da·

194 3750 297 3801 penates
312 3755 343 3785 ex
358 3737 479 3785 emendat.
491 3740 603 3785 Gronov.
620 3735 661 3800 (v.
679 3738 709 3795 ej.
756 3745 806 3781 tum
820 3746 856 3783 est
865 3751 879 3781 a
889 3735 950 3782 duce
962 3735 1092 3792 militibus,
1101 3733 1202 3798 praeda,
1219 3742 1267 3780 etc.

197 3817 270 3864 Obss.
285 3818 329 3873 IV,
345 3816 380 3879 6.)
402 3819 431 3864 In
444 3818 507 3866 Mss
521 3833 552 3863 ac
564 3814 707 3879 penatibus,
755 3816 809 3861 Hoc
825 3813 911 3877 qnietis
929 3815 1011 3878 recepi
1025 3831 1037 3860 e
1053 3815 1118 3872 conj.
1130 3813 1208 3859 Gron.
1219 3828 1267 3876 pro

197 3906 221 3942 et
233 3910 263 3940 oc
276 3911 330 3939 cnm
339 3896 469 3957 penatibus
476 3914 486 3951 ;
500 3896 526 3941 in
538 3894 594 3943 edd.
606 3906 709 3942 anttac
753 3892 819 3956 vulg.
835 3893 950 3939 abisam
967 3891 1043 3956 quieti
1059 3891 1156 3946 datum,
1172 3890 1268 3938 scilicet
1296 3884 1300 3891 ¹

198 3986 249 4019 tum
258 3990 306 4035 pro
315 3973 458 4034 penatibus,
470 3986 494 4021 et
506 3991 537 4019 ac
550 3990 604 4020 cum
613 3973 706 4028 Poenis,
754 3973 871 4035 temporis
884 3990 897 4018 a
912 3972 1043 4028 militibus,
1057 3971 1095 4017 vel
1109 3969 1185 4019 duce:
1200 3969 1267 4033 quod

186 4053 264 4119 ¹quod
276 4051 396 4116 probabat
410 4053 532 4114 Sigonius.
754 4067 805 4098 non
820 4051 991 4115 improbabant
1001 4051 1091 4099 Stroth.
1102 4062 1127 4097 et
1137 4050 1212 4097 Drali.
1222 4049 1267 4096 llle
