2782 4568
1118 297 1143 334 Α.
1157 295 1181 334 C.
1197 300 1242 336 218.

212 336 258 407 7⁰
633 315 671 380 T.
703 316 833 384 LIVII
1117 355 1144 394 u.
1156 355 1180 394 e.
1196 359 1240 403 ssa.

208 441 314 506 Nono
336 433 393 506 die
410 435 448 500 in
464 433 591 528 jugum
603 433 748 530 Alpium
765 450 981 531 perventum
1000 449 1071 521 est,
1091 457 1155 530 per
1174 437 1270 505 invia

208 546 405 643 pleraque‘*
419 557 454 613 et
472 567 629 630 errores,
646 569 738 640 quos
754 559 815 615 aut
834 546 1043 615 ducentium
1057 542 1172 631 fraus,
1188 559 1268 632 aut,

207 655 271 726 ubi
294 654 383 725 fides
408 655 450 722 iis
472 677 547 723 non
572 669 682 743 esset,
702 669 836 725 temere
857 657 953 725 initae
971 653 1121 724 vallese
1144 655 1268 748 conje-

207 764 389 837 ctantibus
409 765 493 851 iter,
509 762 700 835 iaciebant.
722 766 876 836 Biduum
895 768 933 835 in
949 765 1037 860 jugo
1058 765 1183 834 stativa
1202 765 1268 834 ha·

205 876 299 964 bita3
319 875 491 972 fessisque
510 873 633 945 labore
654 900 693 946 ac
712 876 909 973 pugnando
927 877 1028 973 quies
1047 874 1129 943 data
1146 874 1268 943 militi·

204 985 298 1056 bus:
320 987 556 1081 jumentaque
581 984 738 1081 aliquot,
760 1011 839 1086 quae
864 986 1029 1084 prolapsa
1053 986 1091 1054 in
1115 983 1269 1081 rupibus

206 1111 327 1183 erant,
344 1093 531 1191 sequendo
544 1095 692 1192 vestigia
709 1097 859 1192 agminis
872 1098 910 1165 in
929 1110 1042 1166 castra
1058 1119 1266 1192 pervenere.

205 1209 319 1278 Fessis
336 1207 441 1276 taedio
459 1220 513 1275 tot
528 1206 705 1275 malorum
720 1208 813 1276 nivis
827 1209 933 1278 etiam
951 1231 1069 1293 casus,
1082 1204 1268 1276 occidente

203 1318 276 1411 jam
299 1315 413 1386 sidere
428 1315 665 1411 Vergiliarum
674 1312 702 1402 5,
722 1318 905 1414 ingentem
929 1334 1104 1389 terrorem
1124 1314 1266 1409 adjecit.

206 1430 272 1497 Per
286 1427 408 1497 omnia
420 1425 503 1493 nive
521 1422 684 1518 oppleta,
699 1448 831 1518 quum,
847 1429 956 1522 signis
970 1429 1084 1524 prima
1101 1426 1181 1495 luce
1197 1451 1269 1497 mo·

204 1538 269 1622 tis,
293 1535 450 1632 segniter
472 1555 599 1627 agmen
618 1531 823 1621 incederet,
845 1536 1059 1632 pigritiaque
1083 1552 1119 1606 et
1141 1533 1267 1631 despe-

205 1645 297 1714 ratio
323 1645 361 1712 in
390 1643 553 1712 omnium
581 1640 684 1709 vultu
711 1643 906 1729 emineret,
928 1669 1142 1740 praegressus
1169 1647 1269 1742 signa

169 1741 173 1748 ¹
205 1749 384 1822 Hannibal
406 1751 445 1818 in
468 1751 720 1846 promontorio
743 1749 945 1845 quodam⁶,
969 1754 1067 1824 unde
1096 1756 1203 1852 longe
1228 1779 1269 1826 ac

204 1862 275 1931 late
289 1873 503 1957 prospectus
518 1874 608 1945 erat,
619 1861 813 1930 consistere
824 1861 929 1955 jussis
943 1862 1116 1932 militibus
1129 1865 1269 1935 Italiam

206 1969 637 2066 ostentat,subject0sque
646 1970 774 2067 alpinis
782 1969 967 2041 montibus
975 1972 1271 2069 circumpadanos

206 2107 373 2180 campos:
393 2088 600 2176 moeniaque
618 2105 679 2151 eos
701 2096 775 2151 tum
796 2080 1039 2152 transcendere
1059 2107 1133 2152 non
1152 2083 1270 2155 Italioe

206 2255 269 2303 hanc
280 2255 409 2301 lectionem
419 2285 426 2309 ‚
437 2251 500 2298 sicut
507 2267 554 2314 per
563 2262 645 2298 arctas
653 2267 717 2313 prce·
759 2250 865 2297 heliacus
885 2251 1005 2314 incipiens
1022 2251 1090 2299 Non.
1105 2253 1164 2299 Mai.
1182 2254 1270 2318 plenus

206 2333 289 2397 cipites
296 2332 365 2388 trias,
378 2346 448 2394 quam
455 2346 505 2378 nou
513 2329 715 2379 contemnendam
759 2331 795 2376 VI
807 2330 846 2378 Id.
855 2329 925 2392 Mai.)
934 2342 1054 2388 aestatem,
1067 2340 1090 2378 et
1100 2347 1199 2380 occasus
1208 2332 1269 2397 (cos-

207 2412 351 2469 arbitratum
366 2411 401 2457 sic
421 2410 483 2456 inira
500 2425 561 2455 rrovo
578 2408 716 2471 periculoso
760 2407 837 2453 micus
848 2409 968 2472 incipiens
982 2411 1067 2457 aXIlI
1081 2410 1132 2458 Cal.
1142 2411 1207 2459 Nov.
1217 2412 1269 2476 pls·

208 2491 303 2546 itinere,
321 2492 417 2547 XLIII,
436 2505 463 2546 1,
481 2500 505 2535 et
518 2498 584 2534 recta
602 2486 716 2549 expedita
760 2501 806 2532 nus
815 2487 864 2539 VI,
877 2487 915 2534 vel
929 2490 966 2535 III
979 2488 1015 2535 Id.
1028 2487 1103 2551 Νον.)
1117 2489 1219 2536 hiemem
1230 2491 1269 2537 in-

206 2570 266 2626 via,
286 2569 376 2626 XLIV,
390 2569 431 2623 43.
449 2567 513 2614 Mihi
530 2581 581 2612 non
603 2564 716 2628 displicet
761 2564 849 2612 choare
860 2566 1018 2629 credebatur3
1030 2566 1080 2614 vid.
1090 2567 1151 2614 Plin.
1164 2570 1203 2626 11,
1218 2577 1268 2630 473

203 2649 339 2713 proecipue,
351 2647 417 2710 quod
427 2663 472 2710 per
482 2643 653 2708 compendium
666 2660 716 2690 mu-
759 2644 835 2702 XVI,
853 2642 899 2703 2¹5,
914 2662 955 2692 seu
972 2654 1019 2703 423
1036 2647 1138 2703 XVIII,
1157 2647 1190 2693 25
1198 2682 1205 2703 ‚
1219 2649 1269 2707 26,

206 2728 251 2776 tari
266 2728 290 2774 iu
298 2725 435 2790 prcecipites
447 2724 560 2772 facillime
573 2721 662 2787 potuit.
671 2724 716 2769 En.
759 2737 802 2782 27,
818 2739 867 2785 29,
882 2739 923 2771 seu
935 2725 976 2785 59,
990 2725 1037 2782 60,
1049 2725 1097 2781 66,
1110 2724 1153 2783 67,
1166 2725 1212 2786 693
1222 2728 1270 2776 Co.

206 2807 328 2865 -Causa
337 2822 433 2870 magnae
445 2819 519 2851 morse
530 2803 683 2867 potissimum
689 2802 716 2848 in
758 2803 817 2850 lum.
829 2805 883 2861 XI,
900 2819 922 2861 1,
935 2820 949 2850 α
961 2826 973 2862 ,’
986 2806 1015 2861 6;
1031 2805 1087 2851 Jani
1100 2804 1131 2851 ed
1146 2806 1208 2853 Hor.
1221 2805 1269 2854 Od.

207 2885 280 2933 arctis
291 2885 339 2932 viis
353 2883 490 2947 querenda.
759 2883 804 2939 IV,
818 2890 864 2940 14,
883 2899 913 2929 si
923 2919 930 2941 ‚
942 2894 966 2930 et
979 2885 1116 2930 Hermanns
1131 2884 1268 2931 Handbuelz

243 2972 266 3019 4.
277 2966 324 3010 Per
333 2963 397 3009 invia
402 2963 521 3025 pleraque
531 2959 651 3022 argutiore
660 2975 714 3007 cum
737 2960 738 2963 ’
758 2961 803 3008 der
814 2960 974 3025 Mythologie,
988 2973 1006 3008 t.
1016 2963 1069 3019 111,
1083 2978 1108 3025 p.
1123 2963 1239 3009 325-338.

205 3042 324 3092 brevitate
336 3042 427 3088 dictum
438 3056 484 3104 pro
497 3055 503 3088 :
517 3055 561 3102 per
574 3038 641 3097 luca,
653 3055 713 3101 quo·
794 3041 820 3087 6.
842 3043 872 3086 In
884 3041 1052 3103 promontorio
1071 3039 1116 3103 (al.
1128 3052 1269 3104 proruente-

205 3141 259 3170 rum
270 3123 384 3186 pleraque
395 3118 562 3176 essentiane,
574 3129 716 3181 utmoxper
759 3117 811 3183 rio)
825 3119 946 3181 quodam,
963 3120 1024 3182 jugo
1038 3119 1138 3183 Alpium
1156 3119 1270 3183 praealto,

208 3203 290 3249 omnia
307 3200 360 3248 nive
376 3200 487 3263 oppleta,
508 3198 533 3244 h.
553 3215 573 3244 e.
590 3214 634 3261 per
650 3198 715 3257 loca,
759 3197 786 3245 ln
799 3197 874 3244 altum
884 3213 957 3253 non,
969 3209 996 3244 ut
1005 3199 1147 3262 plerumque
1156 3199 1182 3243 in
1190 3197 1267 3264 mare)

207 3297 261 3345 quae
271 3291 323 3328 tota
337 3280 394 3325 nive
410 3278 508 3342 oppleta
526 3288 617 3335 essent3
628 3278 714 3325 Bauer.
759 3277 921 3341 prominente.
932 3277 1126 3323 Promontorium
1136 3276 1160 3324 h.
1170 3277 1187 3322 l.
1200 3276 1270 3324 locus

205 3388 240 3396 —
256 3359 302 3406 Ubi
309 3345 376 3427 sides
391 3358 419 3404 iis
431 3373 479 3403 non
492 3367 564 3412 esset,
579 3372 630 3402 non
642 3355 716 3403 hehe·
760 3356 884 3411 eminens,
898 3370 1057 3418 procurrens,
1074 3355 1141 3417 quod
1149 3371 1268 3418 promun-

205 3451 283 3497 retur,
297 3437 340 3484 sed
350 3448 433 3483 contra
443 3453 471 3483 uc
486 3436 573 3482 ducere
587 3435 635 3499 ipsi
648 3435 715 3482 vole·

205 3518 276 3575 hant,
294 3517 415 3564 exercitus
430 3515 508 3561 valles
522 3513 589 3576 prius
606 3528 657 3558 non
673 3527 716 3558 eo·

208 3598 287 3659 gnitas
300 3607 386 3642 temere
400 3593 481 3648 iniret,
495 3591 547 3638 siue
558 3602 624 3638 certo
634 3590 715 3636 consi·

204 3676 255 3732 tio,
270 3685 344 3738 prout
360 3673 412 3736 Ipse
431 3671 567 3730 conjecerat
584 3670 646 3731 iter;
667 3671 716 3716 Str·

169 3746 171 3751 ¹
207 3754 297 3802 Confer
305 3751 336 3799 ad
345 3754 382 3808 11,
394 3751 475 3807 Ι6,ιι.
487 3749 511 3795 3.

243 3831 266 3877 5.
289 3828 416 3876 Occidente
426 3827 482 3892 jam
502 3825 579 3873 sidere
597 3825 714 3890 Vergilia-

207 3927 260 3958 rum
267 3943 275 3965 ,
288 3909 317 3955 al.
330 3907 498 3970 Virgiliamm,
511 3922 565 3969 quse
575 3905 649 3967 vulgo
660 3905 714 3951 Ple-

208 3989 276 4038 s'ades
289 3986 410 4033 dIcuntur.
424 3985 495 4033 Cous.
509 3983 594 4048 Polyb.
608 3985 660 4040 111,
672 3983 713 4038 54.

205 4072 293 4120 Earum
313 4075 381 4112 ortus
400 4062 530 4128 (eosudrus
546 4065 571 4110 X
587 4063 638 4110 Gal.
654 4063 712 4110 Mai.

760 3435 849 3480 corium
861 3433 937 3495 magis
950 3433 1030 3489 audit,
1043 3451 1117 3496 quum
1127 3446 1269 3497 promonto-

759 3512 798 3557 ria
812 3511 841 3559 ad
852 3527 917 3557 mare
925 3512 987 3569 sint3
997 3513 1082 3559 Bauer.
1093 3513 1185 3560 Graecis
1198 3513 1270 3560 etiam

761 3587 836 3657 ἄκρας
852 3608 1034 3655 nonnunquam
1048 3606 1146 3643 montes
1159 3595 1271 3642 mediter

759 3683 845 3715 raneos
858 3669 906 3715 dici
919 3681 1002 3716 monet
1014 3673 1061 3717 Str.
1072 3698 1107 3706 -
1118 3670 1267 3732 Moeniaque,

759 3748 952 3811 propugnacula,
963 3748 1058 3804 lentie,
1070 3760 1097 3794 ut
1107 3747 1172 3811 apud
1180 3747 1267 3810 Polyb.

759 3829 814 3886 ΙΙΙ,
829 3829 876 3886 5..
890 3827 1042 3894 ἀκροπόλεως
1054 3825 1177 3894 φαίνονται
1188 3819 1269 3878 διάθε-

759 3923 795 3956 σιν
815 3906 875 3970 ἔχειν
896 3907 920 3956 αἱ
933 3895 1023 3965 ditatu
1035 3909 1078 3960 τῆς
1093 3905 1147 3963 ὅλης
1158 3894 1267 3966 ltaliae.

757 4009 792 4020 -
801 3987 851 4032 Eos
867 3996 917 4032 tum
932 3985 1113 4040 transcendere,
1128 3985 1180 4032 scil.
1192 3985 1263 4043 dicit,

757 4064 824 4126 quod
834 4065 893 4111 lutet
903 4065 928 4111 in
941 4075 1044 4112 ostentat
1049 4080 1059 4119 ,·
1072 4064 1164 4111 Stroth.
1178 4067 1266 4116 liceret
