2782 4568
173 277 309 384 ,liu
343 298 500 365 mauu
529 298 655 365 xxu.
683 298 786 366 uir.
812 298 905 364 ivr.
933 299 1047 365 rau.
1148 301 1216 391 247

162 415 544 513 inordinatornmque:
558 423 712 489 Poenum
724 415 846 488 sedere
859 416 912 487 nd
927 414 1093 489 Cannns³
1112 423 1149 489 in
1164 445 1219 490 ea-

160 531 341 624 ptivorum
355 531 476 623 pretiis
486 526 693 625 praedoque
713 526 789 599 aliu
798 555 813 614 ,·
830 552 896 598 nee
912 532 1054 612 uictoris
1074 533 1216 614 animo,¹

163 660 228 706 nec
252 643 378 732 magni
398 636 499 708 ducis
524 663 642 722 more,
669 638 943 710 nundinantem.
964 643 1057 709 Tum
1076 639 1220 735 privata

163 771 313 843 quoque
331 772 397 844 per
415 748 544 820 domos
562 747 680 820 clades
692 750 842 846 vulgatae
860 763 945 821 suut
962 749 1149 846 :adeoque
1167 760 1221 818 to·

162 872 236 929 tam
250 856 379 929 urbem
397 858 557 956 opplevit
573 858 711 946 luctus,
723 874 765 930 ut
781 883 921 930 sacrum
939 857 1222 929 anniversarium

165 969 305 1038 Cereris
322 968 565 1041 intermissum
584 970 630 1039 sit
641 972 675 1059 43
695 971 779 1066 quia
801 994 869 1040 nec
892 967 1099 1066 lugentibus
1113 967 1153 1039 id
1168 965 1222 1037 fa·

165 1101 247 1148 rere
270 1092 324 1148 est
342 1076 414 1167 fas,
434 1104 504 1151 nec
520 1079 594 1150 ulla
611 1081 649 1149 in
671 1079 732 1150 illa
749 1093 960 1176 tempestate
978 1092 1144 1149 matrona
1159 1101 1223 1147 ex·

163 1212 247 1286 pers
261 1187 381 1269 luctus
396 1187 685 1288 humiliaque,
700 1214 747 1262 ue
761 1188 810 1261 ob
823 1188 984 1261 eamdem
1000 1213 1141 1259 causam
1156 1186 1223 1258 alia

164 1325 312 1397 quoque
329 1326 426 1373 sacra
442 1301 586 1399 publica
602 1315 665 1373 aut
680 1303 819 1399 privata
836 1299 1103 1388 desererentur,
1120 1322 1222 1370 sena·

163 1412 388 1482 tusconsulto
402 1411 531 1483 diebus
542 1413 690 1509 triginta
702 1413 821 1483 luctus
834 1426 887 1482 est
899 1410 1032 1482 finitus.
1047 1415 1224 1481 Caeterum

166 1547 300 1619 quum,
320 1521 442 1593 sedato
457 1522 558 1623 urbis
577 1523 756 1611 tumultu,
774 1522 931 1594 revocati
950 1523 989 1591 in
1007 1521 1142 1592 curiam
1158 1521 1224 1588 Pa·

165 1643 237 1701 tres
259 1645 397 1718 essent,
417 1632 492 1702 alia
510 1634 659 1730 insuper
677 1658 722 1704 ex
744 1632 859 1703 Sicilia
878 1632 990 1703 literae
1009 1630 1121 1702 allatae
1139 1643 1225 1702 sunt

164 1739 210 1810 ab
234 1747 272 1811 T.
296 1742 448 1823 Otacilio
469 1757 710 1841 propraetore,
734 1748 898 1840 Regnum
917 1745 1086 1813 Hieronis
1112 1737 1225 1810 classe

159 1855 298 1946 punica
313 1859 454 1923 uastari
468 1880 479 1922 .·
495 1859 555 1924 rui
569 1877 681 1949 quum
700 1877 800 1950 opem
815 1851 1023 1950 imploranti
1028 1851 1132 1941 ferre
1146 1842 1225 1919 vet·

166 1959 231 2047 let,
245 1969 449 2033 nuntiatum
464 1964 535 2034 sibi
546 1988 639 2050 esse,
656 1962 769 2034 aliam
783 1962 935 2034 classem
950 1961 1160 2058 ndAEgates
1173 1965 1225 2030 in·

164 2069 265 2141 sulas
282 2087 395 2157 sture,
409 2080 903 2170 puratominstructamque5
921 2087 981 2159 nt,
1001 2071 1065 2141 ubi
1084 2095 1123 2142 se
1142 2095 1224 2140 ver·

164 2205 244 2250 sum
262 2182 314 2250 ad
327 2182 497 2255 tuendam
515 2209 770 2280 syracusanam
789 2209 891 2255 oram
904 2188 1010 2254 Poeni
1023 2186 1222 2264 sensissent,

165 2288 365 2382 Lilyboeum
383 2294 558 2391 extemplo
574 2301 871 2392 provinciamque
886 2288 1022 2362 aliam⁵
1033 2314 1226 2360 romanam

165 2400 453 2494 aggrederentur.
471 2409 602 2500 Itaque
621 2401 736 2473 classe
753 2428 845 2499 opus
867 2427 959 2487 esse,
981 2408 1014 2471 si
1028 2425 1148 2498 regem
1165 2423 1225 2470 so-

58 2561 61 2567 ·
165 2516 259 2581 oium
279 2508 510 2609 Siciliamque
529 2518 621 2583 tueri
635 2511 779 2582 vellent.

212 2622 317 2688 LVII.
330 2621 458 2691 Literis
472 2621 629 2692 consulis
640 2619 943 2720 propraetorisque
956 2621 1073 2709 lectis,
1084 2644 1226 2692 censue·

166 2742 252 2798 runt
264 2733 312 2796 M.
329 2729 554 2819 Claudiurn¹,
570 2734 634 2828 qui
647 2732 748 2803 classi
763 2733 808 2804 ad
823 2735 962 2804 Ostiam
977 2733 1085 2803 stanti
1101 2755 1226 2828 prraes-

168 2853 236 2925 set,
251 2841 447 2909 Canusium
460 2841 505 2911 ad
520 2844 718 2914 exercitum
730 2842 965 2930 mittendum,
983 2841 1227 2914 scribendum·

167 3023 285 3074 tabernis
295 3027 368 3074 lodie
379 3027 514 3075 XXmillia
526 3038 676 3075 armatorum
720 3028 753 3084 V,
765 3029 823 3090 14),
837 3038 861 3075 et
873 3026 1080 3074 senatusconsulto
1093 3024 1175 3070 diebus
1187 3024 1229 3071 tri·

170 3101 280 3162 Canusii,
292 3122 343 3153 non
354 3107 434 3154 favere
446 3106 504 3153 huic
517 3107 676 3167 conjecturae,
717 3105 789 3170 ginta
803 3105 879 3152 luctus
893 3117 927 3152 est
933 3103 1023 3171 finitus
1029 3122 1040 3159 ‚·
1051 3103 1083 3150 cf.
1097 3103 1129 3149 ad
1141 3102 1230 3150 librum

168 3184 357 3244 quumeillia
363 3185 454 3233 fuerint
460 3183 526 3249 apud
532 3186 677 3243 Varronem,
721 3185 834 3232 XXXIV
835 3218 842 3241 ,
856 3199 908 3246 cap.
920 3183 937 3228 6
953 3182 969 3228 f.

168 3272 192 3307 et
207 3278 290 3311 12200
309 3265 335 3310 in
354 3264 450 3312 duobus
468 3263 553 3311 castris
570 3280 596 3310 ee
611 3263 677 3310 hosti
757 3263 780 3309 5.
794 3260 1229 3324 Provinciamquealiamromanam;

168 3339 321 3389 tradiderint.
678 3356 681 3363 ·
721 3340 778 3387 vide
788 3340 820 3385 ad
834 3339 878 3396 IV,
894 3353 1008 3396 ro,n.2.

206 3419 230 3465 3.
244 3421 345 3467 Poenum
355 3421 437 3468 sedere
447 3420 484 3467 ad
495 3421 609 3476 Cannas,·
620 3419 677 3468 vide
756 3419 816 3467 co.
828 3416 904 3463 LVII.
913 3433 934 3464 1.
946 3417 1104 3472 Censuenint,
1113 3418 1148 3462 M.
1159 3415 1231 3462 Clau-

171 3488 371 3556 adv11'‚37,n.
386 3506 457 3553 4.-
473 3497 677 3545 Nundinarum:
721 3497 788 3544 dium
807 3495 964 3554 Marcellum,
977 3483 1038 3553 ete,
1052 3494 1082 3542 de
1100 3511 1150 3559 quo
1171 3509 1229 3542 mox

171 3572 297 3622 obversata
306 3587 390 3624 nostro
398 3576 514 3625 videntur
522 3567 678 3624 verbannii
721 3577 799 3642 plura.
818 3575 964 3622 Censnernnt
980 3575 1006 3620 in
1026 3591 1040 3620 2
1060 3575 1122 3622 MSS
1140 3571 1230 3636 legitur

171 3667 209 3717 ap.
221 3651 274 3700 Cic.
285 3654 335 3700 Off.
345 3656 370 3712 1,
385 3669 429 3713 11,
443 3656 500 3702 Non
513 3667 678 3720 cauponantes
723 3656 762 3720 (in
773 3655 849 3701 altero
863 3664 944 3701 tumen
957 3663 1013 3716 post
1026 3649 1194 3715 mittendum),
1206 3662 1231 3699 et

171 3731 271 3788 bellum,
282 3731 327 3778 sed
335 3730 506 3796 belligerantes.
517 3737 590 3781 Doer.
722 3735 749 3781 in
766 3732 839 3781 tertio
856 3743 959 3779 censent.
977 3733 1030 3778 Hos
1047 3741 1163 3794 sequutus
1177 3744 1231 3777 eum

208 3818 232 3864 4.
251 3811 352 3856 Sarrum
373 3810 563 3859 anniversarium
589 3812 679 3861 Cereris
724 3815 770 3860 Str.
778 3811 977 3858 inseruiverbum
985 3809 1095 3867 illud‚ut
1103 3806 1231 3856 commoda
1261 3804 1263 3811 ’

172 3886 329 3935 intermissum
347 3887 379 3938 ob
397 3889 489 3938 luctum
509 3889 588 3955 (conf.
604 3891 678 3939 Ovid.
722 3891 806 3938 saltem
817 3891 927 3954 corrupti
940 3890 988 3937 loci
999 3889 1119 3937 sententia
1128 3888 1232 3936 exorire-

173 3968 235 4012 Fast.
247 3969 292 4026 IV,
308 3968 357 4028 389
371 3983 423 4030 sq.‚
437 3969 487 4029 619
502 3985 552 4032 eq.;
566 3970 635 4018 Alex.
647 3970 677 4018 ab
723 3981 775 4027 tur;
787 3969 830 4017 etsi
845 3981 869 4017 et
881 3969 930 4017 hoc
941 3980 966 4017 et
978 3968 1024 4016 alia
1036 3967 1109 4015 verba
1122 3966 1228 4034 (seilicet

172 4041 292 4106 alem,
304 4060 348 4110 195
357 4047 443 4096 Rosia.
454 4049 513 4096 Ant.
523 4064 586 4098 rom.
595 4051 641 4110 IV,
651 4051 678 4110 83
724 4048 797 4098 literis
807 4065 827 4097 e.
835 4067 861 4114 p.
871 4047 947 4116 lectis)
958 4048 1086 4115 glossatori
1095 4048 1177 4114 potius
1187 4046 1229 4093 tri·
1305 4080 1307 4085 «
