2782 4568
153 335 225 421 428

155 480 264 545 unus,
274 457 476 528 orationem
486 454 690 544 salutarem,
699 457 789 528 utin
801 452 864 526 tati
872 464 1069 552 tempor02,
1080 452 1231 543 habuit,

158 590 224 639 nec
240 589 342 663 spem
361 565 504 655 salutis,
528 591 595 639 nec
607 571 809 666 pomiciem
820 569 1032 662 propiorem
1058 589 1234 662 unquam

157 679 291 747 civitati
308 673 376 746 ulli
383 677 514 767 fitisse.
534 680 575 748 Si
590 683 686 751 enim
709 700 783 746 nno
802 679 927 744 animo
951 698 1076 745 omnes
1096 675 1165 745 vel
1180 675 1239 747 ad

157 789 361 874 Romanos,
384 786 448 858 vel
467 787 521 858 ad
545 787 855 884 Cortlwginiemes
883 783 1064 872 inclinent,
1091 784 1236 855 nullius

158 902 309 969 civitati&
321 914 454 969 statum
456 901 742 992 fortunatiorem
757 896 1098 986 beatioremvefirre.
1111 899 1155 966 Si
1167 894 1240 966 alii

159 1007 233 1079 alio
249 1009 399 1079 trahant
408 1033 479 1095 res,
489 1031 564 1078 non
576 1014 670 1078 inter
676 1012 809 1078 Poenos
823 1011 1080 1103 Romanosque
1094 1004 1237 1076 beilum

160 1124 316 1190 atrocius
328 1122 432 1211 fore,
455 1143 568 1215 quom
589 1124 681 1190 inter
703 1124 799 1216 ipsos
820 1120 1089 1212 Symcusonos;
1114 1139 1237 1213 qnam

160 1233 256 1300 intra
273 1227 417 1300 eosdem
436 1253 559 1300 muros
567 1254 663 1326 pore
680 1244 835 1329 utroque
847 1251 931 1298 roos
948 1230 1143 1314 exercitur,
1164 1250 1239 1297 suo

161 1363 281 1426 anna,
294 1362 380 1410 snos
394 1337 566 1411 habituro
581 1344 630 1409 sit
642 1339 762 1413 duco.
776 1342 924 1435 Itaque,
942 1352 984 1407 nt
994 1360 1120 1410 omnes
1134 1335 1239 1406 idem

160 1454 333 1536 sentiunt,
350 1474 496 1520 summo
513 1455 556 1520 oi
577 1449 760 1546 ogondm
781 1472 857 1519 esse
876 1475 889 1517 .·
910 1462 993 1518 ntro
1013 1450 1172 1518 societas
1192 1451 1244 1518 sit

165 1557 300 1647 utilior,
317 1584 401 1631 eam
418 1558 524 1656 longe
540 1565 716 1631 minorem
733 1585 779 1631 oc
794 1558 932 1631 levient
952 1562 1128 1629 momenti
1146 1582 1241 1628 con-

164 1670 393 1746 sultationem
415 1696 502 1744 erse.
526 1672 601 1747 Sed
617 1688 739 1747 tomen
765 1675 934 1742 Hieronis
949 1674 1094 1768 potior,
1120 1692 1241 1766 quam

166 1787 396 1878 Hieronymi,
414 1789 663 1855 auctoritatem
684 1781 908 1882 sequendam
931 1786 969 1852 in
984 1785 1091 1852 sociis
1114 1778 1242 1876 legen·

166 1892 237 1979 dit,
250 1892 314 1964 uel
321 1898 587 1993 qninquaginta
600 1900 707 1965 annis
715 1890 729 1941 ³
734 1893 896 1986 feliciter
906 1907 1095 1991 expertam
1109 1895 1241 1964 omici-

167 2007 256 2074 tiom
264 2027 362 2075 nnnc
370 2009 576 2100 incognitoe‚
589 2005 779 2103 qnondam
790 2004 943 2103 infideli,
945 2002 1240 2102 praeferendam.

168 2117 259 2184 Esse
270 2120 385 2186 'etiam
398 2121 572 2187 momenti
586 2114 731 2214 olt'qnid
740 2116 795 2187 od
802 2115 1005 2203 consilinm,
1028 2113 1135 2211 qnod
1152 2115 1242 2184 Cor·

169 2223 452 2321 thoginiensibns
479 2232 531 2297 ita
544 2251 631 2324 pax
650 2232 779 2324 negari
790 2232 929 2325 possit,
954 2240 1092 2297 utnon
1116 2229 1244 2322 utique

169 2339 209 2405 in
213 2342 413 2432 proesentio
428 2336 562 2408 bellum
574 2361 657 2408 cum
669 2342 719 2407 eis
729 2351 893 2434 geratur.-
906 2361 989 2407 cnm
995 2338 1244 2406 Romaniano

172 2444 305 2543 templo
321 2462 543 2544 antpacem,
560 2463 628 2517 aut
639 2446 771 2517 bellom
789 2447 1011 2518 habendum.
1025 2447 1111 2534 Quo
1119 2444 1244 2513 miuus

174 2559 380 2655 cupiditatis
397 2583 440 2629 ac
459 2557 591 2633 studii‘*
609 2558 684 2628 visa
705 2572 759 2629 est
776 2559 892 2628 oratio
914 2555 1069 2640 habere,
1093 2547 1139 2625 eo
1160 2552 1244 2652 plus

172 2667 395 2737 auctoritatis
419 2665 557 2738 habuit.
582 2666 774 2763 Adiectum
797 2681 852 2739 est
873 2664 1089 2765 praetoribus
1112 2687 1155 2737 ac
1184 2661 1245 2734 de·

172 2775 275 2849 lectis
299 2789 512 2852 senatorum
539 2777 693 2851 militare
717 2779 825 2856 etiam
849 2777 1069 2852 consilium:
1095 2773 1190 2870 jussi
1209 2785 1246 2842 et

173 2885 285 2958 duces
304 2886 478 2958 ordinum
498 2885 732 2991 praefectique
750 2888 967 2959 auxiliorum
984 2882 1090 2957 simul
1110 2906 1246 2954 cousu-

174 2997 259 3069 lere.
277 2999 402 3090 Quum
419 3021 512 3098 saepe
531 3011 611 3073 acta
627 3022 686 3070 res
704 3013 797 3074 esset
813 2999 952 3097 magnis
969 2991 1248 3081 certaminibus,

176 3122 380 3208 postrem0,
391 3110 478 3205 quia
490 3106 578 3181 belli
591 3132 675 3181 cum
690 3111 860 3180 Romanis
874 3107 1022 3208 gerendi
1036 3107 1131 3178 ratio
1145 3103 1250 3180 nulla

213 3316 239 3348 ι.
258 3303 290 3348 tn
304 3299 330 3347 in
344 3299 394 3348 tali
410 3311 533 3364 temptem
558 3299 643 3348 confer
656 3299 689 3348 nd
732 3294 1252 3366 Nnnoinoogn.cumiltmnihnle‚nondm

176 3381 256 3438 vm,
277 3381 325 3438 to,
345 3395 372 3428 n.
392 3395 417 3440 7.
441 3381 506 3428 Mox
531 3379 690 3428 haebreum
733 3380 853 3446 cognita,
866 3378 992 3446 qnondam
1008 3374 1116 3444 infideli,
1135 3374 1166 3422 in
1184 3373 1253 3423 beno

173 3458 240 3526 fore.
251 3459 279 3508 Si
288 3458 347 3517 alii,
363 3471 411 3508 oto.
429 3475 461 3506 ex
473 3459 569 3507 mend.
582 3459 655 3507 Salui.
665 3467 690 3507 et
733 3460 826 3527 punico
836 3463 896 3508 1.-
904 3457 948 3506 Ad
954 3472 1034 3513 cons„
1044 3471 1079 3502 oc.
1087 3452 1254 3518 capiendum

177 3541 257 3589 Gron.
266 3537 483 3604 Cratiommfore.
491 3537 519 3587 Si
528 3537 576 3585 alii
582 3537 632 3585 alio
644 3548 692 3584 tro·
737 3539 830 3588 Stroth.
838 3564 874 3575 -
885 3536 987 3601 Utique,·
999 3535 1056 3583 ride
1064 3535 1099 3592 11,
1110 3534 1143 3580 to
1152 3549 1201 3592 ,m
1213 3548 1236 3582 1.

179 3618 287 3667 hnntres
300 3619 347 3666 Ms
360 3621 416 3667 rut.
426 3617 509 3682 Vulgo
518 3615 692 3682 gravioremrm
773 3626 797 3675 4.
814 3618 867 3680 Quo
881 3615 959 3664 minus
977 3611 1117 3679 cupiditatis
1130 3627 1164 3658 ac
1178 3610 1258 3660 sardii

178 3699 218 3746 vel
226 3695 459 3763 potioremmfore.
475 3696 502 3744 Si
511 3696 564 3744 alia
577 3695 630 3744 olio
643 3707 693 3743 tnr-
737 3697 830 3746 scilicet
840 3696 945 3762 portium
959 3708 966 3743 :
980 3692 1046 3741 unde
1059 3689 1187 3754 cupiditas
1200 3690 1228 3738 h.
1237 3689 1256 3738 l.

182 3776 227 3825 iot
245 3793 291 3827 res.
313 3777 387 3828 coni.
407 3777 440 3826 nd
457 3778 503 3837 tv,
523 3792 571 3840 19,
583 3790 651 3835 m,
670 3784 695 3823 et
737 3777 896 3826 nonvidctur
904 3772 1071 3838 cooepcrtinm
1083 3769 1215 3829 studium,
1228 3780 1260 3817 ut

182 3858 286 3915 xxm,
299 3858 330 3917 ⁸2
344 3873 370 3906 ¹¹·
382 3874 408 3906 ²·
737 3857 804 3922 apud
817 3856 869 3905 Cic.
883 3854 986 3919 sapius,
1005 3850 1049 3899 ced
1062 3849 1127 3911 eius,
1141 3849 1190 3912 qui
1208 3848 1259 3897 sibi

173 3979 175 3983 .
219 3937 244 3983 ³.
260 3936 304 3983 Vel
314 3937 399 4002 quinq.
412 3937 484 3986 annis
491 3972 499 3995 ,
517 3947 565 3985 eto.
579 3935 645 3984 Ante
654 3933 696 3982 vot
737 3937 792 4001 ipso
804 3933 899 3998 aliquid
916 3932 985 3997 cupit
998 3946 1029 3978 ex
1041 3925 1069 3977 re
1089 3926 1200 3991 quadam
1212 3943 1220 3976 :
1230 3926 1261 3995 je

181 4013 302 4064 cxciiiim
310 4016 435 4064 ostendere
443 4016 510 4078 conj.
524 4016 591 4066 clar.
602 4016 695 4062 Verum
739 4013 844 4080 wem'ger
854 4008 996 4062 nbsichtlich
1005 4007 1058 4058 und
1057 4004 1200 4071 parteiisclr
1209 4005 1262 4055 die·

184 4108 207 4143 et
216 4095 299 4160 potius
307 4095 354 4158 leg.
363 4112 409 4159 pro
418 4096 461 4143 vel
470 4111 526 4142 cum
536 4096 647 4143 Gronov.
661 4118 695 4130 —
740 4111 778 4144 ser
794 4096 900 4157 Vortrng
920 4088 1013 4145 stirien,
1030 4087 1098 4135 desto
1120 4084 1193 4133 mehr
1211 4087 1262 4134 Ge·
