2782 4568
196 296 319 400 atat:
385 317 536 382 trusa
568 316 712 382 xxiii.
742 270 844 383 oar.
873 319 1008 384 aar.
1159 321 1228 392 285

171 454 205 509 et
220 436 471 531 Carthaginem
487 435 632 517 missus3
648 458 712 519 ne,
725 448 829 504 motu
843 432 965 530 aliquo
977 439 1107 532 Capuae
1122 462 1165 508 ex
1179 442 1230 511 in·

169 549 340 644 dignitate
353 547 406 615 rei
427 559 527 630 orto,
551 555 715 613 senatum
734 568 883 640 quoque
902 545 1097 639 poeniteret
1118 546 1230 629 dediti

169 656 355 755 principis,
368 667 425 741 et,
437 653 616 750 legatione
631 654 738 720 missa
751 650 797 720 ad
812 652 1051 748 repetendum
1065 681 1164 746 eum,
1181 687 1229 734 ne

168 781 230 836 aut
238 763 404 861 negando
416 759 516 832 rem8
528 785 638 859 quam
651 761 808 857 primum
817 775 1011 856 peterent„
1020 762 1230 853 offendendi

168 874 237 946 sibi
255 874 340 944 novi
353 872 460 956 socii,
479 885 540 941 aut
557 869 772 957 tribuendo,
785 868 975 941 habendus
992 875 1120 969 Capuae
1138 857 1230 950 esset

166 984 351 1055 seditionis
371 1006 412 1052 ac
432 979 622 1051 turbarum
643 993 779 1049 auctor.
792 983 930 1068 ¹Navem
948 984 1105 1075 Cyrenas
1128 985 1227 1071 detu-

167 1095 208 1165 lit
225 1107 434 1190 tempestas,
454 1115 534 1187 quae
553 1105 632 1160 tum
653 1091 691 1158 in
713 1087 850 1159 ditione
867 1114 994 1186 regum
1014 1098 1229 1169 erant9.‚Ibi

168 1230 282 1301 quum
292 1203 431 1299 Magius
441 1200 486 1271 ad
499 1215 653 1301 statuam
665 1199 846 1270 Ptolemaei
860 1200 952 1297 regis
962 1212 985 1236 ¹⁰
996 1199 1229 1302 confugisset,

166 1314 376 1412 deportatus
389 1337 408 1382 a
427 1310 639 1382 custodibus
655 1307 906 1380 Alexandriam
921 1310 966 1378 ad
979 1311 1228 1412 Ptolemaeum,

167 1448 280 1519 quum
298 1448 383 1493 eum
401 1420 601 1509 docuisset,
623 1433 750 1490 contra
769 1420 829 1514 jus
850 1417 994 1490 soederis
1010 1421 1174 1496 ‚vinctum
1191 1411 1248 1502 se'

167 1532 212 1603 ab
226 1531 425 1604 Hannibale
440 1557 532 1618 esse,
548 1530 699 1600 vinculis
715 1528 907 1618 liberatum
922 1532 1228 1633 permissumque),

165 1657 208 1719 ut
221 1640 373 1728 rediret,
389 1665 452 1711 seu
469 1645 637 1726 Romam,
653 1664 717 1711 seu
731 1643 892 1736 Capuam
906 1639 1038 1711 mallet.
1058 1648 1136 1716 Nec
1153 1652 1228 1723 Ma·

165 1754 244 1848 gius
271 1756 438 1847 Capuam
462 1749 533 1820 sibi
553 1765 666 1820 tutam
688 1748 825 1836 dicere;
848 1765 882 1819 et
903 1753 1058 1822 Romam
1079 1778 1121 1824 eo
1143 1773 1228 1837 tem-

158 1886 270 1957 pore,
297 1864 483 1958 quainter
507 1863 692 1930 Romanos
715 1860 993 1956 Campanosque
1014 1860 1144 1934 bellum
1169 1874 1228 1950 sit,

126 2016 129 2024 -
165 1973 361 2068 transfugae
390 1977 526 2066 magis,
554 1995 678 2066 quam.
697 1970 859 2066 hospitis,
880 1971 969 2060 fore
995 1970 1225 2058 domicilium.

165 2088 355 2180 Nusquam
377 2080 502 2167 malle,
520 2106 633 2178 quam
656 2087 693 2150 ia
713 2105 824 2176 regno
843 2081 939 2174 ejus,
960 2085 1096 2168 virere,
1119 2111 1226 2180 quem

164 2192 343 2262 vindicem
367 2206 476 2287 atque
498 2205 679 2261 auctorem
702 2190 840 2258 babeat
863 2189 1045 2261 libertatis.

212 2307 271 2371 Xl.
287 2306 385 2371 Dum
398 2300 473 2370 haec
490 2315 686 2396 geruntur,
701 2303 747 2389 Q.
761 2297 890 2371 Fabius
903 2301 1043 2377 Pictor1
1056 2300 1193 2400 legatus
1207 2332 1227 2376 a

164 2410 314 2508 Delphis
326 2417 475 2484 Romam
491 2411 618 2498 rediit,
634 2435 922 2509 responsumque
937 2436 981 2481 ex
996 2413 1128 2509 scripto
1142 2419 1227 2488 reci-

163 2521 250 2591 tavit
264 2519 358 2589 :divi
371 2544 519 2617 quoque
534 2521 570 2588 in
584 2544 627 2590 eo
643 2531 779 2607 erant²,
790 2519 938 2616 quibus,
954 2546 1101 2618 quoque
1115 2527 1230 2598 modo

165 2629 438 2727 supplicaretur.
460 2633 574 2715 Tum,
593 2631 660 2698 «Si
681 2631 729 2700 ita
752 2628 867 2700 faxitis
881 2634 1078 2721 ,Romani‚
1099 2652 1224 2711 vestrae

164 2895 247 2928 amore
258 2880 351 2945 patriae.
366 2905 401 2914 -
416 2879 454 2927 Cf.
465 2879 535 2940 Virg.
549 2879 604 2923 AEn.
622 2874 673 2944 llll,

165 2966 228 3018 441,
240 2960 289 3007 vol.
299 2960 342 3015 tv,
352 2974 377 3021 p.
387 2958 450 3018 239,
460 2967 525 3002 nost.
533 2954 601 3002 Edit.
609 2957 654 3003 En.

200 3040 225 3085 8.
237 3039 274 3084 Ne
285 3049 329 3084 aur
339 3035 451 3100 negando
464 3050 514 3081 rem
526 3051 535 3081 :
549 3035 612 3080 forte
624 3034 671 3080 del.

164 3133 205 3173 ne,
225 3129 266 3164 aut
281 3115 486 3179 interponendum
502 3112 582 3161 verbis
600 3125 623 3161 ct
639 3115 670 3160 le-

161 3196 278 3258 gatione5
293 3196 384 3243 Duker.
403 3193 526 3249 Primum,
543 3192 605 3239 forte
617 3191 670 3256 pri-

163 3291 243 3332 mam,·
253 3273 396 3323 Gronovius
407 3284 432 3320 et
444 3273 529 3318 Bauer.

199 3369 224 3414 9.
234 3356 350 3415 Quarum
358 3352 382 3399 in
393 3351 485 3399 ditione
493 3366 576 3414 regum
584 3362 666 3406 eraut,

164 3431 216 3483 scil.
225 3432 339 3495 AEgypti,
352 3430 419 3494 quod
431 3428 551 3477 excidisse
562 3428 669 3491 suspica-

165 3509 235 3555 batur
243 3510 324 3572 Lips.:
335 3522 360 3557 at
370 3510 445 3557 tacuit
453 3509 504 3556 hoc
512 3508 607 3566 Livius,
616 3508 671 3570 quia

164 3589 267 3653 Cyrenas
276 3588 351 3634 modo
360 3589 671 3652 eosdem,quosAEgypn1s‚

163 3669 238 3717 modo
249 3667 364 3731 proprios
374 3667 479 3715 habuere
492 3682 574 3730 reges,
585 3677 611 3712 ut
621 3667 672 3712 Ma·

163 3766 232 3813 gam,
249 3747 417 3811 Physconem,
433 3745 573 3808 Apionem;
592 3747 668 3793 Grou.

162 3827 240 3892 (Vide
252 3823 382 3889 Spanbem.
391 3823 424 3870 ad
436 3823 530 3885 Callirn.
541 3826 633 3888 Hymn.
644 3824 670 3870 in

162 3905 246 3968 Apoll.
255 3923 278 3953 v.
287 3902 341 3968 68.)
353 3901 401 3951 Sed
410 3901 436 3948 hi
445 3918 542 3965 quoque
551 3903 592 3950 rel
600 3903 671 3949 simul

162 3984 262 4047 AEgypti
280 3993 348 4030 erant
368 3997 450 4044 reges,
463 3981 502 4027 vel
523 3983 567 4029 sub
588 3995 671 4029 eorum

163 4063 211 4110 lere
235 4062 352 4126 imperio;
374 4076 451 4123 eoque
474 4071 601 4124 spectant,
618 4077 671 4124 quae

718 2878 756 2924 his
768 2879 848 2926 verbis
861 2880 988 2938 subjunxit
1000 2881 1091 2929 Livius.
1106 2884 1171 2932 Hinc
1184 2888 1227 2935 vix

719 2956 835 3015 dubium,
853 2958 912 3021 quin
934 2973 980 3022 pro
1000 2973 1083 3021 regum
1103 2963 1228 3028 scripserit

718 3035 829 3099 AEgypti,
845 3047 869 3082 et
885 3035 978 3082 librarii
994 3035 1044 3083 hoc
1060 3054 1150 3087 nomen
1168 3060 1226 3107 pro-

716 3115 797 3177 prium
810 3130 878 3161 more
890 3131 934 3161 suo
949 3117 1111 3178 corruperint.

753 3207 791 3238 ιο.
810 3191 854 3238 Ad
868 3203 975 3238 statuam
991 3192 1053 3257 regis
1066 3195 1210 3262 confugisset
1215 3223 1225 3259 ‚·

716 3270 771 3317 vide
785 3269 817 3316 ad
831 3271 908 3317 Tacit.
926 3270 1016 3318 Annal.
1033 3274 1084 3330 111,
1100 3276 1146 3335 36,
1160 3295 1185 3328 n.
1199 3283 1223 3331 3.

715 3349 858 3396 Ptolemaeus
865 3348 1009 3412 Philopator
1016 3360 1066 3396 tum
1076 3368 1119 3399 rex
1126 3357 1227 3423 AEgypti

715 3439 773 3476 erat.
789 3454 823 3463 -
839 3429 900 3489 Quae
914 3427 945 3473 de
957 3429 1042 3491 Magio
1056 3431 1155 3494 ejusque
1169 3437 1227 3486 liliis

717 3505 888 3564 disseruimus,
907 3506 961 3562 adi,
981 3507 1002 3552 si
1021 3521 1106 3568 vacat,
1123 3513 1154 3559 ad
1168 3517 1226 3568 Vel.

716 3586 803 3644 leium,
816 3597 905 3634 nostrae
918 3586 983 3633 Edit.
993 3604 1018 3651 p.
1028 3604 1072 3634 xxv
1083 3605 1136 3654 sqq.
1146 3595 1191 3642 Eu.

751 3667 811 3713 cir.
822 3666 867 3712 Xl.
881 3681 902 3713 1.
917 3667 945 3726 Q.
956 3665 1045 3713 Fabius
1054 3667 1145 3728 Pictor,
1162 3687 1225 3743 etc..;

717 3744 784 3791 conl.
797 3745 886 3802 XXII,
904 3744 950 3802 573
965 3744 1089 3796 Plutarch.¹
1099 3749 1125 3794 in
1137 3754 1225 3817 Fabio,

715 3834 740 3870 et
748 3823 893 3885 Appian.in
905 3822 1008 3869 historia
1021 3826 1131 3876 Ilanuib..

751 3918 776 3949 2.
790 3902 846 3948 Diri
859 3918 954 3965 quoque
968 3901 993 3948 iu
1007 3920 1035 3950 eo
1049 3908 1141 3971 scripto
1155 3929 1227 3965 erant

717 3982 859 4040 memorati,
876 3980 962 4044 quibus
979 3982 1056 4044 divis,
1073 4003 1181 4053 quoque,
1202 4012 1227 4048 et

717 4077 766 4124 quo
776 4059 848 4108 modo
858 4060 1041 4130 supplicaretur.
1053 4067 1123 4124 Tum,
1135 4072 1228 4127 scilicet
