2782 4568
175 284 298 390 4444
377 304 529 369 muna
560 304 662 370 xxi.
693 301 797 367 cnr.
826 303 983 367 xxxv.
1164 325 1203 394 ,ι

149 424 275 510 moda,
294 425 484 495 sedetiam
506 423 602 494 urbis
624 446 797 493 romanae.
820 423 958 492 Coetera
969 419 1106 517 plana,
1118 448 1208 518 pro·

150 534 360 624 clt’vtafore:
380 559 452 603 uno
469 550 536 603 aut
549 559 730 604 summam
746 531 857 602 altero
870 530 1022 629 prattor
1039 557 1158 602 arcem
1175 550 1211 604 et
1238 614 1242 620 ,

148 659 262 740 caput
274 639 417 713 Italice⁸
435 648 471 712 in
488 669 599 712 manu
616 668 660 712 ac
669 657 849 739 potestate
867 641 1061 711 habituros.
1080 646 1208 713 Proce-

149 751 234 822 dere
255 752 340 823 inde
362 777 489 849 agmen
514 754 643 850 coepit3
663 753 736 846 jam
759 751 849 821 nihil
874 777 920 821 ne
942 750 1108 821 hostibus
1129 754 1211 847 qui-

149 858 249 948 dem,
261 876 392 959 praeter
406 887 514 958 parva
527 861 623 932 furta
635 886 701 959 per
715 862 959 947 occasionem,
975 861 1209 932 tentantibus.

149 975 325 1042 Gaeterum
343 975 412 1043 iter
429 973 692 1068 multo,¹quam
709 973 746 1040 in
761 995 912 1040 ascensu
926 968 1044 1040 luerat
1057 970 1123 1066 (ut
1140 972 1212 1068 ple-

148 1106 258 1176 raque
275 1081 420 1179 Alpium
437 1083 483 1153 ab
501 1082 624 1153 lta-lia9
639 1083 732 1152 sicut
750 1079 934 1168 breviora,
952 1081 1001 1151 ita
1020 1083 1213 1152 arrectiora

150 1191 268 1288 sunt),
283 1191 464 1264 difficilius
479 1192 557 1262 fuit.
576 1193 701 1262 Omnis
718 1192 814 1261 enim
833 1188 945 1261 ferme
964 1194 1019 1261 via
1036 1216 1212 1290 praeceps,

150 1316 317 1397 angusta,
332 1301 471 1372 lubrica
487 1316 580 1388 erat,
594 1315 635 1371 ut
651 1326 771 1396 neque
788 1302 963 1372 sustinere
981 1326 1017 1372 se
1028 1313 1059 1364 1⁰
1074 1327 1093 1371 a
1110 1303 1213 1400 lapsu

148 1427 315 1508 possent,
334 1437 419 1501 nec,
439 1413 502 1507 qui
519 1412 706 1508 paululum
725 1410 957 1497 titubassent,
973 1411 1107 1482 haerere
1126 1411 1213 1482 aflli-

149 1590 299 1637 velverbum
310 1602 430 1637 ostentare
440 1591 477 1655 (nt
487 1607 575 1654 synon.
583 1601 658 1637 osten-
687 1600 782 1652 'aeque
801 1604 927 1654 assurgere
940 1590 1088 1656 poterant),
1110 1603 1134 1639 et
1153 1607 1213 1640 mox

148 1667 218 1732 dere)
229 1669 335 1731 primum
344 1670 408 1716 valet
421 1681 570 1727 monstrare,
582 1680 606 1716 et
617 1669 659 1716 de·
702 1685 756 1716 cum
772 1670 847 1716 Drak.
857 1662 906 1732 leg.
921 1668 1012 1716 harere
1024 1669 1100 1737 affixi
1110 1667 1213 1735 vestigio

146 1745 221 1805 iude,
232 1746 265 1792 ad
277 1747 350 1794 verba
361 1748 508 1812 mariaque,
522 1760 581 1806 etc,
593 1764 660 1811 repe·
702 1765 744 1794 suo
754 1785 762 1805 ,
774 1759 801 1796 ut
812 1752 862 1806 III,
875 1750 918 1796 68.
928 1751 1027 1796 Haerere
1038 1748 1114 1817 affixi
1120 1750 1215 1796 concio·

148 1823 423 1888 tendum‚significare,
437 1826 658 1884 indicare‚dicere.
702 1826 788 1882 nibus,
810 1838 834 1874 et
860 1844 912 1891 cap.
934 1843 983 1891 seq.
1005 1828 1109 1875 Lubrica
1133 1828 1215 1892 glacie

186 1920 211 1962 7.
236 1906 289 1951 Uno
312 1917 357 1952 aet
382 1907 413 1953 ad
435 1924 573 1962 summum,-
594 1916 659 1953 certe
703 1921 751 1952 non
770 1905 899 1970 recipiente
917 1907 1046 1970 nestifflum
1060 1924 1069 1954 :
1083 1924 1138 1954 nam
1157 1925 1214 1971 pre·

151 1985 232 2042 (werra
249 1999 274 2030 cs
285 1984 348 2031 ltoclr
357 1986 440 2043 lanae,
455 1986 581 2034 lectiam
590 2004 600 2042 ,·
612 1985 659 2048 gal·
703 1995 795 2030 mentes
803 1985 929 2048 vestigium
938 1985 980 2030 vix
989 1985 1038 2032 dici
1046 1986 1173 2049 potuerint
1181 1985 1219 2050 af·

151 2060 212 2118 lice,
226 2078 259 2108 au
265 2064 353 2126 plus),
364 2066 441 2112 altero
450 2066 553 2128 pralio,
570 2075 597 2111 nt
605 2079 659 2126 pas·
696 2062 756 2129 fligi
764 2062 787 2107 ci
794 2096 802 2117 ‚
812 2063 837 2108 h.
851 2080 873 2111 e.
885 2061 987 2109 firmiter
997 2063 1024 2109 in
1037 2064 1098 2110 illud
1111 2064 1216 2128 impingi

153 2139 199 2187 sim
210 2141 236 2187 in
247 2142 299 2188 niv.
309 2154 334 2189 et
343 2143 395 2190 Cic.
405 2144 456 2189 vid.
471 2144 547 2189 Gron.
558 2153 583 2188 et
596 2141 660 2187 nuk.
704 2140 812 2202 (XMV,
827 2140 886 2203 34),
900 2152 936 2196 et,
951 2142 971 2186 si
985 2140 1074 2207 afflicti
1083 2143 1215 2204 genuinum

152 2234 243 2266 summo
254 2221 317 2267 MSS
326 2236 419 2268 omnes.
430 2222 596 2268 Adsammum
604 2219 660 2267 edd.
705 2219 749 2275 sit,
764 2230 829 2265 certe
838 2219 899 2265 nihil
911 2219 977 2265 aliud
989 2219 1125 2282 significare
1135 2231 1218 2284 potest

156 2308 215 2345 antt.
706 2314 778 2361 quam
788 2295 863 2362 affixi
868 2332 876 2354 ,
891 2297 993 2345 firmiter
1006 2299 1156 2357 insistentem
1170 2300 1217 2346 Str.

191 2378 215 2424 8.
230 2379 318 2423 Arcem
331 2389 355 2425 et
367 2389 442 2440 caput
454 2377 549 2434 Italia,
561 2377 617 2424 vide
631 2375 662 2422 ad
706 2378 744 2423 Ita
756 2392 814 2422 vero
829 2391 884 2433 eos,
897 2381 938 2438 qui
950 2393 967 2423 a
982 2377 1051 2439 lapsu
1063 2393 1089 2423 se
1101 2377 1217 2424 sustinere

156 2457 182 2514 t,
196 2455 241 2513 55,
251 2472 277 2501 n.
288 2458 312 2503 6.
458 2482 461 2487 ·
707 2454 916 2517 nequeant‚haud
925 2455 1061 2519 discrepare
1071 2456 1102 2502 ab
1112 2456 1156 2513 iis,
1166 2457 1218 2519 qni,

188 2549 212 2595 9.
224 2535 345 2599 Pleraque
355 2535 455 2599 Alliam
466 2536 498 2581 ab
509 2534 587 2582 Italia
598 2532 665 2599 (vide
709 2535 767 2582 dum
777 2535 1028 2597 paululumtitubent,
1039 2533 1141 2582 firmiter
1148 2537 1220 2583 vesti·

155 2613 186 2661 ad
197 2615 272 2673 VIII,
285 2631 328 2675 17,
338 2631 363 2662 n.
378 2613 404 2678 5)
413 2613 476 2660 sicat
487 2613 609 2670 breviora,
622 2612 665 2659 mi·
710 2614 750 2676 gio
763 2630 807 2661 suo
822 2615 932 2662 insistere
948 2631 999 2662 non
1012 2615 1121 2679 possint,
1134 2626 1219 2665 monet

156 2709 202 2739 nus
216 2693 280 2751 alta,
295 2693 331 2741 ita
347 2693 487 2740 adrectiora
502 2704 570 2749 sunt,
589 2691 665 2754 magis
709 2699 784 2743 Doer.
805 2699 893 2759 Isque,
912 2698 1030 2745 suadente
1047 2698 1175 2756 Creverio,
1190 2695 1218 2744 τὸ

120 2814 126 2833 ,
156 2783 293 2835 praerupta3
308 2774 354 2820 Str.
368 2773 408 2819 Sic
421 2783 488 2818 recta
502 2787 581 2827 saxa,
596 2787 617 2816 c.
633 2770 665 2816 36
709 2788 753 2818 nee
762 2772 899 2835 ponitente
910 2773 1011 2829 harere,
1026 2773 1219 2822 hocsensnmec

156 2866 209 2913 pn,
221 2861 245 2896 et
255 2860 326 2896 recta
332 2866 400 2914 rupes
410 2850 558 2906 XXXVIII,
569 2847 666 2895 aetthi
710 2852 742 2908 ii,
755 2851 797 2913 qui
809 2849 898 2917 afflicti
910 2863 1002 2908 essent,
1016 2852 1041 2900 h.
1053 2870 1074 2900 e.
1087 2853 1164 2910 trusi,
1176 2853 1219 2902 im·

152 2928 255 2993 placide
267 2928 364 2976 adclivis
378 2928 478 2976 collibus
497 2937 665 2991 opponuntur.
709 2930 774 2994 pulsi
787 2930 817 2977 ab
832 2931 898 2988 aliis,
909 2942 933 2977 et
946 2932 976 2978 ad
990 2943 1077 2978 terram
1088 2931 1221 2995 prostratu,

157 3007 198 3055 Al.
208 3007 316 3055 arctiora
324 3025 334 3064 ;
343 3019 436 3055 utmox
445 3005 491 3053 cia
503 3017 626 3069 angitsta,
641 3016 666 3052 et
709 3009 736 3055 in
755 3010 823 3065 loco,
842 3025 892 3070 quo
911 3009 1068 3067 incedebant,
1090 3027 1115 3056 se
1136 3022 1220 3056 tenere

157 3090 224 3154 apud
235 3089 322 3154 Polyb.
334 3090 387 3147 III,
398 3090 447 3147 54,
460 3085 529 3143 οὔσης
540 3082 585 3152 γὰρ
595 3086 665 3142 ceint
709 3100 829 3152 possent:
848 3105 903 3136 nam
919 3089 1023 3153 desuper
1039 3089 1119 3136 statim
1137 3087 1221 3134 devol-

156 3166 197 3218 καὶ
211 3169 363 3235 κατωφεροῦς
377 3171 421 3224 rie
436 3161 665 3226 antedictum&
710 3168 829 3214 vehantur
852 3167 1008 3231 praecipites;
1033 3167 1073 3213 cni
1095 3165 1222 3212 sententia

15 3307 19 3316 Ι
81 3253 86 3259 “
156 3240 186 3297 lt
197 3247 274 3311 χιόνος
288 3239 378 3298 ἄδηλον
388 3245 503 3302 ποιούσης
515 3243 609 3301 laicate
622 3242 665 3296 τὴν
711 3246 805 3309 egregie
815 3245 963 3308 respondent
973 3260 1039 3307 seqq.
1051 3245 1144 3307 aliique
1152 3258 1224 3306 super

158 3322 271 3378 ἰπίὸασιν
287 3319 369 3384 (nnd‘e
381 3325 428 3373 via
441 3323 567 3386 lubrica),
579 3325 628 3372 πᾶν
640 3322 667 3373 τὸ
712 3325 786 3380 alios,
804 3336 849 3371 etc.
870 3327 960 3381 Recte,
976 3324 1066 3386 opinor
1080 3338 1086 3369 :
1105 3322 1147 3370 sed
1161 3322 1223 3369 forte

157 3404 301 3473 παραπεσὸν
317 3407 362 3471 τῆς
375 3398 432 3455 alet
453 3402 494 3455 καὶ
512 3401 599 3472 spatiis
619 3401 669 3469 tat·
712 3407 785 3453 nesio
797 3406 897 3467 quidem
910 3403 936 3452 τὸ
947 3417 991 3446 nec
1003 3400 1220 3465 transponendum

159 3503 212 3552 peto
226 3483 293 3535 κατὰ
307 3490 355 3535 τῶν
371 3489 492 3553 κρημνῶν.
713 3481 823 3549 Affigere
833 3481 929 3545 aliquid
936 3492 1017 3537 terra,
1026 3497 1068 3527 seu
1076 3480 1113 3527 ad
1120 3491 1222 3535 terram,

198 3578 236 3610 so.
249 3564 369 3611 Sustinere
384 3578 409 3609 se
422 3579 439 3609 a
453 3563 522 3624 lapsu
535 3577 586 3608 nou
601 3576 607 3609 :
622 3561 669 3608 en'·
714 3574 750 3609 est
763 3563 827 3608 ferro
840 3562 879 3608 vel
892 3560 975 3618 clavo,
989 3557 1064 3606 fibula
1077 3559 1157 3605 aliove
1169 3557 1224 3607 vin·

161 3657 232 3705 gere,
245 3643 284 3690 vel
296 3644 407 3691 attollere
417 3658 443 3688 se
453 3641 550 3704 lapsos,
561 3640 618 3688 sed:
631 3655 670 3686 ca·
715 3643 771 3688 culo
781 3652 852 3688 terrae
865 3639 993 3687 adnectere
1001 3636 1038 3701 (ut
1048 3639 1093 3695 IV,
1106 3637 1227 3697 193vn1,

159 3739 215 3770 vere
228 3723 302 3771 sibla
321 3725 405 3788 lapsu,
426 3722 551 3769 continere
567 3738 606 3781 se,
622 3736 671 3784 quo
718 3740 747 3783 7,
766 3725 876 3779 xllx,
895 3714 937 3780 2);
961 3731 986 3767 et
1005 3717 1171 3785 προσπερονᾷν
1185 3711 1227 3766 καὶ

161 3803 240 3850 minus
253 3804 392 3852 laberentur
403 3803 481 3864 (conf.
497 3802 529 3849 ad
537 3804 577 3860 ΙΙ,
589 3810 635 3859 44,
646 3817 671 3847 n.
716 3804 849 3868 προσηλοῦν
864 3798 908 3853 τὴν
929 3796 1004 3863 ψυχὴν
1023 3797 1081 3865 πρὸς
1102 3798 1129 3846 τὸ
1152 3799 1226 3864 σῶμα

163 3881 179 3926 6
192 3897 200 3939 ;
211 3882 262 3929 Cic.
274 3883 350 3930 Aoad.
363 3885 453 3944 Quaest.
465 3883 509 3939 IV,
525 3880 567 3938 15,
581 3895 621 3939 17,
635 3890 673 3938 et,
716 3878 903 3926 inPlat.Phaed.
918 3887 942 3923 et
951 3876 1014 3923 Plnt.
1030 3877 1143 3941 Sympos.
1154 3875 1229 3930 v111,

164 3960 232 4020 qnod
243 3961 297 4008 h.'l.
309 3963 431 4025 geminum
445 3961 568 4019 est,infr.
579 3962 668 4017 XXII,
718 3973 750 4015 α,
772 3957 814 4004 sed
837 3956 946 4024 affligere
961 3965 1031 4002 terrae
1051 3955 1091 4001 vel
1108 3954 1163 4001 eolo
1183 3951 1230 4016 (ut

164 4053 194 4095 α,
208 4039 275 4087 Galli
289 4057 367 4104 neque
380 4040 495 4089 sustinere
511 4056 536 4087 se
545 4039 671 4103 prolapsi,
719 4035 791 4097 uncia
804 4036 901 4094 XXIV,
915 4035 963 4094 34,
977 4045 1002 4082 et
1012 4033 1147 4098 parietibus
1160 4031 1232 4087 xm,
