2782 4568
186 295 313 398 ,52832333
342 317 440 382 nra.
465 317 605 384 xxiv.
632 317 734 385 car.
760 318 879 384 xxx.
907 320 1047 386 xxxi.
1152 319 1223 406 433

160 441 252 512 balis
265 436 481 509 beneficium
497 435 691 523 habebant,
704 439 800 533 capti
814 437 857 506 ad
869 439 1115 510 Trasimenum
1130 444 1226 515 inter
1293 444 1295 448 ’

162 557 411 621 Romanorum
425 546 556 617 auxilia
571 546 790 643 dimissique.
801 550 903 637 Quos
917 547 980 618 ubi
995 574 1039 619 ex
1054 553 1163 649 signis
1177 579 1227 624 ar·

163 683 380 756 morumque
400 656 525 727 habitu
542 681 745 753 cognovere
761 657 997 754 Hippocrates
1015 674 1124 757 atque
1143 664 1225 759 Epi·

164 769 419 868 cydes,ramos
434 767 521 837 oleae
536 764 808 837 acvelamenta8
820 768 886 839 alia
902 770 1105 867 supplicum
1119 775 1229 869 porri-

163 894 300 978 gentes,
311 880 429 961 brare,
440 894 481 947 ut
490 883 687 974 reciperent
695 903 771 948 sese
781 896 1010 977 receptosque
1020 897 1227 972 tutarentur,

164 1016 235 1060 neu
245 989 445 1087 proderent
459 991 715 1080 Syracusana,
736 1014 761 1057 a
779 990 910 1085 quibus
928 1017 1017 1062 mox
1035 998 1105 1089 ipsi
1122 1001 1228 1064 truci·

163 1100 281 1170 dandi
288 1096 431 1195 populo
449 1121 600 1166 romano
621 1095 845 1166 dederentur.

213 1213 342 1280 XXXI.
357 1210 548 1277 Enimvero
560 1216 585 1291 ¹,
604 1204 850 1293 conclamant,
866 1206 1000 1278 bonum
1015 1227 1056 1279 ut
1068 1220 1231 1284 animum

165 1320 362 1391 haberent:
376 1341 518 1387 omnem
531 1340 570 1385 se
587 1340 669 1384 eum
683 1314 751 1385 illis
755 1317 949 1406 fortunam
964 1320 1154 1392 subituros.
1171 1328 1231 1392 In-

166 1444 223 1500 ter
246 1428 316 1498 hoc
335 1426 558 1522 colloquium
576 1426 675 1520 signa
696 1426 948 1515 constiterant,
968 1430 1232 1529 tenebaturque

167 1562 317 1635 agmen,
336 1535 515 1622 necdum,
535 1550 614 1629 quae
636 1559 745 1604 morae
770 1559 876 1606 causa
892 1536 1003 1625 foret,
1021 1558 1233 1638 pervenerat

168 1647 215 1718 ad
231 1647 350 1718 duces.
366 1652 562 1742 Postquam
577 1645 820 1741 Hippocraten
841 1660 948 1744 atque
966 1650 1151 1745 Epicyden
1169 1652 1234 1722 ad-

169 1783 246 1830 esse
258 1758 411 1855 pervasit
421 1780 560 1843 rumor,
569 1752 805 1850 fremitusque
815 1769 894 1825 toto
903 1759 1043 1853 agmine
1052 1775 1128 1830 erat
1138 1760 1236 1834 haud

168 1867 279 1939 dubie
292 1865 573 1965 approbantium
584 1863 779 1936 adventum
795 1890 919 1936 eorum
931 1894 941 1955 ;
954 1870 1137 1967 extemplo
1151 1898 1234 1969 prae-

170 1991 266 2048 tores
285 1978 398 2047 citatis
421 1976 523 2072 equis
546 1973 591 2045 ad
612 1975 727 2070 prima
752 1976 862 2071 signa¹
876 1996 1134 2073 perrexerunt,
1161 1989 1237 2076 Qut

170 2113 248 2158 mos
270 2086 347 2173 ille,
368 2110 453 2183 quae
474 2085 616 2156 licentia
641 2087 858 2154 Cretensium
881 2104 991 2174 esset,
1014 2092 1233 2186 rogitantes,

170 2198 350 2295 colloquia
373 2195 516 2266 serendi
538 2220 620 2264 eum
642 2194 743 2265 hoste
756 2205 782 2280 ²,
806 2192 1014 2294 injussuque
1031 2217 1234 2296 praetorum

170 2307 344 2378 miscendi
358 2331 418 2376 eos
435 2311 574 2403 agmini
588 2306 682 2375 suo?
701 2304 969 2401 Comprehendi
984 2309 1153 2407 injicique
1176 2336 1240 2383 ca-·

172 2433 273 2488 tenas
293 2418 478 2511 jusserunt
503 2417 726 2513 Hippocrati.
752 2415 806 2485 Ad
829 2439 940 2512 quam
963 2443 1088 2489 vocem
1115 2436 1236 2492 tantus

173 2527 355 2622 extemplo
383 2527 542 2622 primum
567 2550 586 2595 a
612 2524 843 2597 Cretensibus
871 2525 1005 2596 clamor
1033 2543 1086 2599 est
1111 2546 1235 2618 ortus,

173 2635 305 2707 deinde
322 2649 493 2731 exceptus
505 2633 551 2704 ab
570 2635 661 2720 aliis,
677 2649 717 2704 ut
734 2633 854 2722 Iacile,
871 2637 899 2704 si
920 2636 1011 2706 ultra
1026 2638 1235 2731 tenderent,

173 2759 384 2844 appareret,
404 2746 453 2815 eis
472 2745 673 2815 timendum
687 2769 773 2815 esse.
792 2745 941 2815 Solliciti
958 2748 1160 2846 incertique
1178 2777 1234 2822 re-

173 2880 257 2927 rum
282 2856 650 2949 suarumMegaram,
672 2853 770 2923 unde
791 2853 944 2950 proiecti
970 2873 1089 2945 erant,
1111 2859 1236 2931 referri

173 2966 276 3061 signa
289 2961 438 3058 jubent,
454 2963 674 3059 nuntiosque
691 2962 737 3033 de
754 2977 849 3033 statu
865 2968 1031 3061 praesenti
1049 2971 1237 3062 Syracusas

174 3076 335 3146 mittunt.
345 3071 520 3144 Fraudem
532 3097 681 3170 quoque
690 3075 925 3170 Hippocrates
936 3074 1049 3163 addit,
1061 3077 1237 3151 inclinatis

176 3280 333 3325 meruerant,
358 3266 500 3315 mercenarii
527 3265 626 3330 (confer
651 3265 683 3313 ad
725 3264 1233 3329 verloutintelligatur,moroeeausasesse.

176 3352 228 3407 111,
246 3357 293 3405 aa,
307 3364 332 3394 n.
348 3347 391 3411 4),
403 3346 446 3393 sub
459 3344 505 3402 eis,
521 3342 566 3391 sub
579 3344 682 3408 imperio
762 3360 787 3391 a.
800 3344 927 3409 Colloquia
936 3345 1032 3392 serendi
1039 3362 1092 3393 cum
1102 3346 1181 3406 hoste,
1193 3351 1236 3397 ho·

176 3425 334 3490 Hippocratis
351 3434 376 3471 et
392 3422 526 3489 Epicydis,
549 3433 577 3470 ut
594 3422 637 3470 sub
655 3439 683 3470 eo
727 3423 816 3483 stibus,
831 3423 969 3488 injussuque
976 3436 1110 3487 praetorum
1122 3427 1237 3476 miscendi

177 3505 328 3561 XXXVIII,
342 3510 382 3557 rt.
523 3526 527 3535 ·
728 3519 782 3557 eos,
797 3503 894 3561 hostes,
914 3503 1081 3567 Hippocraten
1101 3514 1125 3551 et
1137 3501 1234 3570 'Epicy-

214 3585 238 3631 8.
247 3584 336 3629 Ramos
347 3581 408 3628 oleoe
418 3597 449 3627 ac
460 3580 601 3628 velamenta
612 3595 637 3628 α.
649 3596 684 3636 s.,·
729 3581 785 3630 den.
797 3582 887 3629 Confer
896 3581 927 3629 ad
939 3583 1049 3640 XXXV,
1063 3599 1105 3642 27,
1123 3601 1147 3632 n.
1162 3600 1186 3631 a.
1200 3613 1234 3620 ·-

177 3663 235 3711 vide
244 3662 275 3710 ad
289 3663 328 3717 II,
341 3660 388 3715 54,
400 3674 426 3704 n.
437 3660 461 3705 6.
728 3660 777 3722 Ins.
787 3672 886 3707 catenas
890 3678 913 3726 J
921 3660 1066 3724 Hippocrati
1068 3680 1078 3717 ,·
1084 3660 1124 3708 sed
1136 3679 1235 3711 eurnou

213 3743 274 3790 Car.
284 3739 382 3787 XXXI.
399 3752 420 3782 1.
434 3736 641 3794 Enimvero5vide
653 3736 685 3784 ad
729 3740 801 3787 etiam
819 3739 945 3803 Epicydi?
969 3741 1034 3786 HInc
1055 3741 1237 3806 r'aprocra‘ti

179 3824 206 3881 1,
223 3821 270 3879 51,
286 3836 311 3866 n.
325 3818 348 3865 5.
359 3843 394 3852 —
407 3815 529 3878 Epicyden
542 3817 641 3873 adesse;
657 3817 685 3863 ln
730 3818 859 3865 delendum
879 3817 979 3881 putabat
995 3820 1072 3865 Gron.
1093 3825 1125 3867 At
1139 3823 1235 3871 vidend

179 3916 230 3948 uno
240 3902 285 3946 MS
295 3914 355 3953 esse,
368 3911 420 3942 non
430 3896 582 3958 improbante
593 3896 684 3945 Stroth.
729 3914 783 3962 cap.
793 3905 841 3954 aa,
855 3913 880 3944 n.
896 3911 916 3944 ι,
931 3898 993 3943 Mox
1003 3896 1109 3945 Cretibus
1121 3917 1167 3963 pro
1181 3903 1236 3949 cre.

179 3979 288 4026 Verbum
305 3976 388 4022 adesse
405 3976 431 4022 in
449 3975 517 4021 nullo
537 3977 582 4022 MS
595 3986 685 4034 exstat,
730 3976 833 4024 censibus
842 3974 939 4022 edidere
949 3976 1119 4032 Grou.,Crev.
1129 3992 1153 4028 et
1161 3982 1234 4029 Drak.

179 4054 340 4121 probantibus
351 4053 450 4117 quidem
459 4053 587 4103 Gronovio
597 4064 621 4102 et
631 4055 688 4102 Cre·
729 4056 787 4119 quia
795 4055 821 4102 in
830 4055 876 4101 MS
885 4056 940 4103 eut.
952 4065 989 4101 est
1001 4053 1130 4104 Crentibus.

190 4143 344 4210 ·IV.
879 4141 1041 4244 Ι28
