2782 4568
203 305 266 386 148
601 299 813 365 rcrvn
928 348 946 389 .,
1110 280 1230 378 atei:

198 417 711 523 periprincipesyhastatosque
724 441 765 486 ac
776 416 934 502 triarios,
945 440 1012 489 nec
1024 430 1065 486 ut
1077 418 1257 517 prosignis

197 531 438 630 antesignani,
461 543 543 626 post
558 528 657 623 signa
676 524 743 594 alia
757 537 936 621 pugnaret
951 525 1063 610 acies3
1077 548 1145 594 nec
1163 524 1257 593 utin

197 669 261 716 sua
279 643 421 739 legione
444 639 565 727 miles,
586 650 648 707 aut
669 634 839 721 cohorte,
863 648 924 704 aut
942 636 1128 732 manipulo
1151 649 1256 706 esset.

198 759 284 823 Fors
302 748 496 845 conglobat
506 744 534 835 ⁵,
553 761 589 816 et
603 746 744 815 animus
757 768 843 814 suus
860 743 989 839 cuique
1004 759 1086 814 ante
1101 759 1162 814 aut
1176 757 1259 840 post

197 858 383 959 pugnandi
401 856 567 928 ordinem
585 853 693 925 dabat
707 881 714 923 :
728 868 923 949 tantusque
936 852 1005 925 fuit
1020 853 1129 923 ardor
1144 878 1259 924 armo·

185 963 314 1054 ,rum⁶,
333 966 424 1037 adeo
444 966 604 1034 intentus
624 987 754 1060 pugnae
773 964 933 1049 animus,
956 977 998 1032 ut
1016 987 1099 1033 eum
1118 977 1259 1033 motum

191 1088 338 1162 ‘terrast
364 1077 428 1172 qui
451 1075 648 1144 multarum
675 1071 821 1142 urbium
843 1072 951 1143 Italiae
973 1097 1120 1169 magnas
1143 1087 1260 1170 partes

199 1187 411 1284 prostravit,
427 1186 627 1280 avertitque
640 1207 749 1254 cursu
762 1182 907 1280 rapidos
919 1207 1062 1269 amnes,
1078 1206 1177 1253 mare
1191 1181 1261 1253 ilu-

199 1296 358 1367 minibus
378 1296 529 1384 invexit,
546 1309 689 1364 montes
708 1294 809 1391 lapsu
825 1294 962 1390 ingenti
977 1294 1138 1392 proruit,
1154 1316 1262 1363 nemo

200 1407 441 1503 pugnantium
462 1405 620 1474 senserit.
949 1470 952 1476 ,

248 1521 308 1587 VI.
324 1521 410 1585 Tres
423 1512 536 1603 ferme
549 1513 657 1583 horas
671 1527 872 1610 pugnatum
888 1526 960 1599 est,
976 1527 1012 1583 et
1023 1510 1160 1609 ubique
1174 1524 1265 1580 atro-

200 1628 317 1697 citer:
342 1626 433 1695 circa
454 1623 640 1694 consulem
660 1637 781 1694 tamen
799 1625 915 1694 acrior
936 1621 1173 1719 infestiorque
1196 1645 1263 1717 pu·

202 1758 270 1830 gna
285 1748 337 1804 est
347 1745 371 1802 ¹.
383 1739 474 1803 Eum
487 1748 522 1802 et
534 1731 667 1803 robora
677 1733 837 1803 virorum
847 1731 1113 1830 sequebantur,
1126 1745 1162 1802 et
1175 1731 1264 1826 ipse,

100 1888 102 1893 ·
204 1867 435 1939 quacumque
454 1844 492 1911 in
508 1856 609 1938 parte
627 1842 743 1938 premi
756 1867 796 1912 ac
812 1841 976 1912 laborare
992 1853 1150 1912 senserat
1164 1863 1265 1926 suoS,

204 1953 354 2049 impigre
374 1950 510 2022 ferebat
529 1976 655 2048 opem,
678 1952 931 2050 insignemque
951 1951 1058 2022 armis
1082 1964 1117 2020 et
1142 1947 1266 2018 hostes

241 2153 265 2199 4.
287 2143 343 2190 Non
367 2143 411 2191 illa
432 2143 548 2190 ordinata
568 2159 649 2208 pugna
666 2158 714 2207 per
757 2156 806 2192 net.
819 2172 855 2181 —
868 2146 933 2191 Ante
945 2155 990 2190 aut
997 2153 1069 2206 post,
1084 2140 1175 2187 scilicet
1191 2139 1267 2201 signa.

202 2222 324 2286 principes
340 2221 498 2286 hastatosque
510 2237 540 2268 ae
555 2222 667 2278 Μανίου
681 2223 712 2269 cf.
793 2225 818 2271 6.
835 2221 1033 2286 Tantusqnefitit
1042 2220 1264 2273 arderarmorum,

205 2302 279 2357 VIII,
292 2303 315 2348 8.
329 2300 377 2346 Sed
386 2299 515 2362 legendum
530 2300 607 2346 videri
615 2315 660 2362 per
670 2299 715 2346 lra-
759 2300 815 2348 vide
824 2300 855 2347 ad
864 2304 890 2360 t,
906 2301 954 2358 30,
964 2316 991 2347 n.
1004 2315 1027 2358 7.

206 2389 281 2424 statos
294 2377 464 2440 principesque
479 2393 510 2422 ac
528 2386 544 2422 t.
559 2377 608 2435 jam
620 2376 716 2424 monuit
797 2394 822 2436 7.
834 2379 897 2423 Eum
907 2388 998 2424 motum
1010 2387 1092 2432 term,
1108 2387 1154 2422 etc.
1165 2376 1268 2438 quinon

207 2455 272 2502 nuk.
286 2456 323 2503 cf.
334 2455 400 2518 Lips.
410 2455 465 2501 Mil.
476 2469 538 2501 rom.
547 2455 592 2511 IV,
603 2469 625 2511 13
635 2453 714 2500 Schel.
760 2465 907 2500 memoratur
918 2455 1039 2518 Polybio,
1050 2453 1092 2500 sed
1103 2465 1183 2501 tamen
1191 2455 1268 2503 Coelio

208 2533 242 2580 ad'
259 2533 352 2598 Hygin.
368 2549 422 2596 pag.
440 2533 521 2591 1053;
543 2531 641 2581 Salmas.
661 2530 716 2577 Mil.
760 2532 827 2595 apud
836 2532 888 2580 Cic.
899 2531 929 2579 de
938 2533 995 2580 Div.
1008 2535 1032 2590 Ι,
1045 2533 1077 2579 35
1086 2549 1093 2590 ;
1103 2533 1164 2579 Plin.
1177 2535 1214 2589 11,
1228 2534 1269 2589 84,

209 2627 271 2659 rom.
281 2627 334 2674 cap.
347 2610 442 2664 t.-Si
453 2609 573 2672 vulgatam
586 2609 716 2657 sollicitare
762 2626 804 2657 seu
813 2612 859 2670 86;
871 2613 943 2659 Oros.
951 2614 996 2669 tv,
1009 2613 1052 2670 133
1062 2613 1103 2658 Sil.
1110 2613 1141 2669 V,
1151 2612 1199 2657 611
1210 2627 1270 2674 seq.;

210 2689 285 2746 nolIs,
294 2688 403 2750 intellige
412 2705 467 2735 curn
475 2689 605 2737 Creverio:
617 2709 629 2728 α
636 2703 717 2752 pugna
762 2689 827 2738 Flor.
840 2693 878 2749 11,
891 2691 907 2738 6
917 2701 959 2750 ,et
973 2691 1037 2739 Plut.
1048 2691 1074 2737 in
1083 2690 1166 2736 Fabio.
1180 2691 1271 2738 Confer

210 2767 245 2814 itu
254 2765 365 2814 ordinata
375 2777 433 2824 erat,
441 2778 468 2813 ut
477 2767 577 2814 seorsim
588 2765 718 2830 principes,
763 2770 850 2833 Heyne
868 2770 959 2833 Opusc.
978 2769 1055 2818 Acad.
1071 2781 1130 2816 tom.
1145 2770 1195 2826 III,
1215 2784 1269 2833 pag.

209 2845 311 2894 seorsim
320 2831 416 2902 hastati,
424 2856 466 2893 aut
475 2845 542 2892 trieri
551 2828 716 2909 pugnarientnt
762 2846 822 2908 259.
833 2874 867 2882 —
880 2847 1020 2910 Avertitque
1032 2864 1102 2894 cursu
1118 2847 1217 2909 rapidos
1230 2846 1271 2909 (id

210 2941 261 2971 non
281 2924 345 2971 enim
362 2924 415 2970 haec
437 2923 469 2970 ita
486 2923 627 2987 accipienda
647 2933 718 2982 sunt,
763 2939 819 2970 eum
829 2925 920 2972 Stroth.
935 2925 1015 2989 recepi
1024 2943 1055 2972 ex
1066 2924 1163 2971 dnobus
1172 2925 1271 2988 optimis

211 3003 369 3067 quasiLIvius
380 3003 468 3049 horum
479 3003 543 3049 inter
554 3018 579 3048 se
588 3017 720 3066 corporum
763 3004 825 3050 Mss
839 3019 885 3067 pro
898 3004 963 3067 vulg.
977 3003 1078 3066 rapido)
1091 3017 1186 3059 amnes,
1204 3019 1272 3050 mare

212 3081 324 3128 ordinem
333 3091 505 3145 repraesentare
516 3080 635 3137 voluerit,
645 3096 720 3142 quum
755 3081 900 3147 fluminibus
912 3082 1016 3138 invexit,
1031 3094 1059 3129 ut
1070 3082 1136 3145 apud
1152 3082 1204 3130 cic.
1216 3082 1272 3129 loeo

213 3171 309 3208 constet
317 3160 425 3206 hastatos
435 3158 461 3204 in
472 3157 553 3204 fronte
562 3158 648 3204 solitos
658 3158 721 3204 loca·
763 3159 861 3208 laudato
870 3160 1029 3209 luculentius:
1042 3160 1177 3226 ntstumina
1187 3161 1211 3206 in
1218 3177 1273 3207 eon-

214 3239 247 3295 ri,
266 3238 355 3285 deinde
368 3237 506 3301 principes,
527 3247 651 3299 postremo
664 3236 721 3284 tris-
766 3239 855 3286 trarias
863 3251 948 3302 partes
951 3239 1086 3306 fltteen'nt,
1102 3251 1176 3302 atque
1186 3238 1210 3285 in
1221 3255 1274 3286 am·

215 3317 278 3378 ri0s;
296 3315 352 3363 vide
364 3315 398 3361 ad
409 3316 482 3372 VIII,
500 3316 528 3371 8,
548 3314 631 3377 ibique
643 3327 721 3364 notas.
767 3332 881 3364 nesmare
888 3317 1017 3384 influxerit.
1024 3316 1135 3363 Flumina
1142 3317 1274 3364 decurrunt

216 3397 261 3442 En.
270 3421 306 3430 —
319 3394 371 3440 Nec
381 3405 408 3440 ut
415 3409 463 3456 pro
476 3393 563 3457 signis,
575 3404 631 3441 ante
642 3395 723 3457 signa,
767 3394 794 3441 in
805 3411 870 3442 mare
884 3411 891 3443 z
906 3395 935 3443 lit
947 3407 1027 3443 autern
1040 3406 1144 3442 tremore
1154 3407 1237 3452 terrae,
1247 3406 1275 3441 ut

216 3471 395 3536 antesignanus,
406 3470 494 3519 hastati
500 3482 524 3518 et
530 3471 662 3536 principes,
667 3483 727 3535 post
769 3489 834 3521 mare
850 3474 973 3521 interdum
986 3474 1105 3532 exundet,
1118 3485 1143 3522 et
1155 3485 1197 3522 aut
1210 3484 1275 3521 retro

217 3551 287 3616 signa
297 3549 349 3596 alia
351 3560 476 3613 pugnaret
481 3549 553 3605 acies,
562 3549 654 3599 scilicet
659 3551 726 3597 Tria·
769 3563 823 3614 agat
834 3551 949 3611 flumina,
967 3569 1021 3615 quae
1034 3552 1061 3599 id
1074 3552 1174 3600 refluum
1187 3553 1276 3600 sentire

219 3627 333 3684 rii;vide
342 3627 374 3674 ad
386 3628 681 3690 11,20,n.3;etvl11,
696 3631 723 3687 8,
769 3631 922 3686 nonasterii,
946 3642 1000 3688 sut,
1014 3631 1057 3678 ubi
1075 3647 1184 3678 accessus
1198 3646 1276 3677 reces-

217 3723 243 3756 n.
254 3715 278 3761 t.
770 3725 858 3771 susque
877 3710 946 3770 ejus,
962 3710 1034 3756 altius
1056 3710 1128 3758 solito
1145 3708 1276 3767 ascendam

256 3784 726 3850 5.Forsconglobatllomanos,utapud
760 3771 880 3834 Gronov.

220 3860 375 3919 sallustium,
385 3864 482 3926 Jugurt.
495 3879 541 3925 97,
553 3864 584 3911 al.
600 3880 657 3912 102.
670 3865 726 3911 Sors
805 3858 915 3914 entvt.
929 3883 949 3913 1.
962 3865 1121 3932 Infestiorque
1125 3880 1212 3930 pugna
1220 3877 1256 3911 est
1267 3883 1277 3912 .-

221 3938 283 3986 male
295 3938 351 3986 edd.
365 3951 421 4000 ante
434 3942 511 3988 Gron.
523 3943 601 4005 quiet
613 3959 672 3990 mox
683 3943 728 3989 dat
770 3945 845 3990 immo
858 3956 914 3990 erat
925 3956 967 3992 aut
978 3961 1043 4001 esse,·
1055 3946 1139 3991 Bauer.
1148 3970 1184 3982 -
1197 3943 1279 3990 Premi

200 4086 203 4091 ,
223 4032 268 4081 pro
286 4017 363 4064 dabat
380 4018 403 4063 in
423 4020 522 4082 optimis
538 4022 599 4067 MSS
616 4022 662 4083 legi
676 4036 728 4068 mo·
772 4038 802 4068 ae
813 4022 938 4077 laborare,-
949 4023 1006 4071 vide
1019 4023 1049 4071 ad
1060 4025 1109 4080 ΙΙΙ,
1122 4025 1202 4081 31,n.
1215 4039 1277 4068 r.-
