2782 4568
421 303 485 369 un
509 301 760 372 transtro
786 288 990 371 terrun.
1162 307 1230 402 477

174 445 240 508 quo
255 421 452 485 familiariter
464 423 629 504 utebatur,
643 439 820 511 caeteraque
834 422 874 486 de
886 425 1109 488 Romanorum
1121 429 1233 514 gestis,

174 547 245 609 quae
261 524 371 588 sedula
385 524 629 612 magistratuum
644 547 720 587 cura
738 539 938 611 reposuerat,
956 542 1178 590 monumenta.

167 637 317 719 Quod
328 661 404 700 vero
421 638 461 701 ad
475 639 570 725 Alpes
587 637 701 701 attinet
715 638 755 700 ab
770 638 950 701 Hannibale
968 655 1149 725 superatam,
1166 641 1231 704 Po·

171 739 259 842 lybio
277 762 347 825 quae
371 738 449 802 fides
467 738 650 801 adhibenda
668 738 710 802 sit
718 738 819 824 ,ipse
840 738 955 818 docet,
977 739 1059 802 Hist.
1077 741 1126 802 Ill
1136 741 1231 821 ,n8:

168 825 245 904 Ἡμεῖς
265 832 294 888 δὲ
315 837 370 908 περὶ
390 838 480 890 τούτων
502 839 622 906 εὐθαρσῶς
643 787 841 906 ἀποφίιινόμεθα,
861 832 949 889 h&
926 857 953 888 το
976 836 1030 906 περὶ
1055 844 1101 891 τῶν
1121 839 1231 909 πράξεων

169 937 229 999 παρ
241 932 319 983 αὐτων
336 932 489 1001 ἱστορηκέναῑ
509 937 557 982 tdtt
581 948 801 999 παρατίτῑυχθῖων
819 932 870 990 Τοῖς
889 932 996 999 καῑρθῖς,
1020 930 1075 990 Τθὺς
1091 925 1121 980 δὲ
1142 950 1231 993 Τῦπθυς

169 1041 383 1087 κατωπτέυκέναῑ,
401 1022 442 1074 καὶ
462 1029 494 1090 Τῇ
513 1016 559 1074 διὰ
579 1042 626 1073 των
640 1004 742 1074 Ἀλπὲωἳ
762 1022 834 1082 αὐῖῦς
850 1026 979 1092 κεχρῆσθαι
995 1024 1100 1092 πορείᾳ)
1118 1023 1231 1093 γνώσεως

169 1133 249 1166 erveta
261 1135 302 1169 και
315 1119 380 1177 θεας
396 1122 427 1167 Et
440 1119 514 1166 abas
531 1113 571 1167 ἵνα
586 1108 813 1183 dtspdauaperet
786 1133 830 1169 την
844 1133 892 1165 των
905 1133 1085 1184 προγεγονοτων
1095 1133 1195 1185 αγνοιαν
1207 1117 1230 1167 ἐν

167 1206 275 1274 Τῦύτῦῑς,
288 1207 399 1278 γνώριμα
412 1205 546 1275 ποιήσομεν
562 1225 613 1265 Τθῑς
627 1189 717 1260 Ehhhut
732 1203 774 1256 καὶ
789 1210 870 1257 Ταῦτα
882 1203 916 1256 τὰ
928 1226 987 1276 μίρῃ
1002 1209 1046 1267 Τῆς
1063 1206 1211 1277 Οἰκουμένης

212 1300 294 1380 Quis
319 1316 430 1386 postea
454 1300 627 1386 Polybium
648 1299 764 1363 falsum
787 1299 894 1364 dicere
916 1302 1017 1384 ausit,
1045 1325 1143 1389 quem
1167 1304 1229 1367 ho·

167 1400 288 1464 minem
303 1401 371 1464 veri
390 1401 554 1464 curiosum
573 1417 784 1487 tenacemque
797 1402 862 1482 jam
880 1418 973 1466 antea
991 1404 1229 1490 comperimus?

168 1525 336 1589 quumque
351 1503 458 1565 nullus
475 1502 555 1565 alius
572 1516 685 1564 auctor
704 1518 771 1564 tam
788 1501 900 1565 sedulo
917 1526 951 1566 se
967 1502 1008 1566 ad
1026 1504 1228 1568 scribendam

166 1603 334 1667 historiam
361 1604 550 1684 accinxerit,
574 1602 627 1666 cui
655 1602 769 1665 melius
797 1605 894 1688 quam
923 1603 1060 1690 Polybio
1084 1604 1228 1668 confidass

167 1705 360 1819 muquuem
373 1706 490 1769 ducem
503 1704 608 1791 operis
621 1703 848 1790 sapientiorem
863 1705 1227 1791 sequamurPNarratio·

160 1827 241 1881 ,nem
267 1807 365 1894 igitur
390 1806 517 1892 qualem
541 1805 637 1868 abeo
662 1803 702 1867 de
719 1805 856 1867 transitu
874 1805 1006 1892 Alpium
1028 1807 1225 1893 accepimus,

165 1907 321 1971 continuo
346 1924 420 1971 ante
446 1907 558 1970 oculos
584 1927 822 1992 proponamuS,
845 1928 915 1992 quae
938 1906 1029 1992 quasi
1054 1907 1197 1970 stella
1168 1931 1226 1972 vtae

164 2007 247 2070 adsit
262 2009 418 2072 indicium
427 2031 559 2095 ,neque
576 2008 641 2069 huc
653 2007 729 2069 illuc
742 2008 826 2069 sinat
839 2005 1027 2071 deflectere:
1046 2007 1103 2072 sed
1115 2028 1228 2074 contra

164 2132 376 2198 quaecumque
389 2111 441 2173 alii
453 2110 493 2173 de
507 2133 541 2173 re
553 2109 664 2172 eadem
679 2107 802 2171 diversa
814 2125 1087 2193 memoraverunt,
1103 2111 1144 2176 ad
1157 2135 1225 2176 eam

163 2211 361 2302 redigantur,
379 2214 531 2300 illiusque
546 2211 677 2298 perfusa
691 2205 817 2273 lumine
830 2212 1049 2274 inclarescant.

206 2329 247 2390 At
262 2330 423 2416 prolect0,
444 2351 522 2415 quas
535 2326 666 2414 Alpium
683 2342 789 2412 partes
810 2326 941 2404 trajecto
955 2324 1116 2388 Rhodano
1128 2325 1227 2412 petie-

162 2428 203 2488 rit
220 2431 396 2511 Hannibal,
414 2430 551 2494 dubium
569 2453 636 2492 non
652 2444 751 2509 esset,
766 2451 873 2515 neque
892 2428 987 2491 tantis
1007 2428 1225 2491 recentiorum

163 2531 388 2592 controversiis
407 2531 639 2594 distraheretur
654 2530 807 2616 quaestio,
832 2529 894 2592 nisi
915 2528 1040 2610 Livius,
1063 2551 1166 2614 quum
1190 2529 1224 2592 in

163 2627 270 2691 multis
285 2629 456 2716 Polybium
469 2646 637 2716 sequatur,
651 2630 704 2693 hic
719 2632 753 2709 in
771 2630 965 2717 quibusdam
981 2631 1021 2693 ab
1036 2653 1075 2694 eo
1089 2631 1224 2694 omnino

162 2727 358 2808 discederet,
383 2731 565 2815 Poenosque
585 2731 625 2792 ab
648 2732 733 2793 Isara
753 2731 819 2803 alio
844 2753 976 2817 prorsus
1005 2753 1041 2793 ae
1069 2731 1223 2818 Polybius

162 2828 360 2913 deflecteret,
384 2847 416 2893 et
438 2832 471 2893 in
490 2831 649 2894 diversam
670 2831 768 2894 ltaliae
792 2832 958 2919 regionem
978 2832 1115 2918 Alpibus
1136 2832 1224 2897 dela·

161 2952 235 3017 psos
250 2930 431 2997 deveheret.
449 2934 547 3014 Cujus
566 2931 697 3018 quidem
716 2931 879 3018 scriptoris
901 2930 994 2993 flores
1015 2946 1047 2993 et
1068 2932 1225 3020 elegantia

126 3052 128 3058 ⁴
161 3055 263 3118 quum
283 3035 408 3096 animos
428 3034 599 3096 hominum
621 3048 800 3120 captarent,
819 3032 916 3110 hujus
940 3045 1073 3093 eventus
1101 3030 1221 3095 deseri·

161 3133 246 3218 ptio,
259 3135 359 3220 qualis
373 3133 460 3221 apud
470 3134 642 3220 Polybium
655 3131 829 3215 invenitur,
839 3131 965 3195 veritati
977 3129 1110 3217 quidem
1125 3133 1224 3220 magis

151 3252 392 3316 consentanea,
414 3234 471 3298 sed
489 3235 663 3321 simplicior
685 3250 717 3298 et
734 3232 837 3312 arida,
857 3232 1016 3294 minorem
1034 3229 1111 3293 iude
1126 3229 1223 3321 fidem

161 3353 360 3422 consequuta
377 3353 434 3399 est.
452 3337 493 3398 Et
508 3351 616 3398 tamen
632 3335 704 3415 hic,
719 3335 768 3398 vir
782 3332 857 3395 belli
875 3331 1017 3419 peritus,
1032 3330 1099 3393 veri
1118 3347 1224 3397 auste-

160 3458 215 3498 rus
239 3440 378 3519 satelles,
407 3460 508 3524 eaque
525 3453 660 3499 tantum
685 3434 831 3523 prodigia
858 3455 926 3496 esse
951 3447 1058 3513 ratus,
1080 3455 1222 3518 quorum

160 3537 262 3599 nullas
281 3537 437 3602 humanas
461 3537 717 3627 deprehenderat
735 3559 862 3616 causas,
885 3533 1073 3597 Hannibalis
1090 3534 1222 3622 vestigia

159 3637 193 3699 in
206 3637 281 3725 ipsis
295 3639 426 3726 Alpium
440 3641 575 3727 rupibus
588 3639 749 3726 quaesivit,
764 3637 998 3721 veritatemque
1012 3657 1051 3696 ex
1065 3633 1222 3720 supersti-

159 3736 245 3799 tibus
262 3739 436 3801 Poenorum
453 3740 639 3804 adversariis
658 3738 828 3826 expressit:
845 3739 898 3801 ille
916 3748 1023 3799 autem
1041 3734 1221 3817 literarum,

160 3861 255 3924 quam
273 3841 320 3900 rei
334 3839 672 3923 militarisstudiosior,
683 3839 830 3904 ducentis
844 3853 919 3924 post
931 3837 1054 3900 bellum
1065 3835 1221 3921 punicum

157 3939 338 4004 secundum
356 3940 448 4004 annis
465 3944 574 4008 Romae
595 3966 707 4008 secum
721 3941 889 4006 historiam
905 3959 1072 4002 romanam
1088 3958 1223 4024 compo·
