2782 4568
398 344 465 411 na
488 333 746 410 raansrru
771 317 979 413 aaaron.
1150 348 1221 431 aaa

158 465 269 545 ἅοείας
286 464 342 552 qui
357 465 449 527 locus
465 479 498 526 et
513 461 687 549 quatriduo
699 460 711 550 (
721 462 764 525 60
778 463 904 527 circiter
916 465 1081 553 millibus)
1096 490 1114 531 a
1127 471 1222 552 mari,

160 584 192 631 et
204 565 245 654 75
262 566 404 630 millibus
416 566 456 629 ab
470 564 578 634 Insula
591 563 704 643 distat,
718 563 828 651 sicque
841 588 917 629 curn
930 565 1003 629 loco
1016 567 1141 656 Polybii
1153 593 1223 634 nar·

159 669 286 731 ratione
301 666 468 756 designato
484 665 628 752 apprime
645 665 808 728 convenit.
866 694 868 700 ⁴
1204 688 1207 694 ·

203 766 285 831 Inde
296 767 457 830 Hannibal
468 765 602 829 adverso
616 762 750 828 flumine
762 787 967 853 progressus,
983 770 1104 856 quartis
1114 772 1223 837 castris

159 867 306 956 pervenit
326 867 367 932 ad
384 867 545 945 Insulam,
564 866 770 954 frequentem
791 866 914 931 civibus
939 885 1055 934 terram
1079 888 1111 936 et
1126 875 1225 938 tritici

160 970 397 1034 feracissimam.

204 1069 249 1133 Ea
261 1068 370 1134 Insula
386 1090 403 1132 a
416 1067 553 1155 Polybio
566 1067 722 1155 Livioque
737 1067 910 1156 hucusque
924 1073 1143 1138 concordibus
1160 1099 1226 1140 me-

160 1186 298 1252 morata,
318 1193 466 1257 quaenam
487 1169 546 1250 sit,
566 1169 654 1257 apud
674 1171 869 1235 recentiores
890 1173 1073 1262 ambigitur.
1093 1177 1224 1267 Quippe

159 1271 336 1335 doctissimi
346 1271 406 1334 viri
419 1272 608 1350 Menestrier,
621 1270 811 1350 Delaudine,
824 1287 857 1335 et
867 1274 990 1362 Anglus
1002 1275 1050 1339 W
1046 1275 1169 1341 dunler
1178 1279 1226 1342 ibi

160 1375 253 1438 sitam
267 1394 336 1436 esse
352 1373 487 1451 volunt,
503 1370 561 1434 ubi
579 1369 757 1433 Rhodanus
779 1387 811 1434 et
826 1375 908 1436 Arar
927 1373 961 1435 in
981 1397 1086 1439 unum
1102 1375 1224 1443 flumen

160 1491 289 1539 coeunt.
307 1474 386 1536 Eam
400 1472 438 1536 cl.
449 1474 565 1536 Comes
574 1471 683 1534 Fortia
695 1470 840 1536 d'llrban
855 1474 889 1536 in
900 1474 1028 1539 Cavaris
1044 1478 1226 1564 proximam
1248 1529 1251 1536 .

159 1576 382 1664 Remi-Maurae
404 1574 491 1654 vult,
511 1571 640 1661 duobus
663 1573 786 1657 Eyguoe
808 1573 947 1637 brachiis
963 1574 1127 1662 (quorum
1148 1578 1227 1644 alte·

98 1718 103 1725 ·
160 1701 234 1742 rum
257 1677 339 1741 nihil
363 1677 426 1739 nisi
449 1674 571 1738 rivulus
585 1671 657 1759 est)
689 1672 916 1761 Rhodanoqne
938 1678 1227 1764 comprehensam,

160 1801 216 1844 sex
227 1779 327 1843 millia
338 1772 561 1865 longitudine,
578 1772 690 1838 decem
702 1796 781 1837 vero
794 1774 965 1839 latitudine
980 1777 1033 1840 vix
1045 1795 1226 1866 patentem,

161 1897 301 1968 quatuor
318 1879 445 1943 circiter
460 1877 559 1940 millia
572 1876 612 1939 ab
628 1898 668 1939 eo
684 1876 756 1938 lo'co
770 1875 962 1960 distantem,
975 1879 1087 1967 inquo
1102 1884 1229 1949 transiit
1333 1886 1336 1891 ’

159 1979 355 2047 Rhodanum
374 1977 545 2053 Hannibal.
559 1976 653 2039 Unus
665 1996 704 2038 ex
716 1977 879 2041 annalium
892 1965 1079 2046 militarium
1093 1984 1227 2072 scripto·

139 2144 142 2151 .
160 2085 267 2166 ribus,
286 2081 522 2154 eam-Rubione
533 2067 620 2142 lsara
630 2077 858 2166 Rborlanoque
869 2081 1028 2145 contineri
1041 2085 1224 2152 arbitratur.

160 2187 309 2274 Denique
318 2181 573 2273 praestantissimi
581 2180 729 2244 doctrina
744 2181 802 2244 viri
818 2181 857 2244 H.
870 2182 1008 2264 Bocche,
1024 2184 1223 2275 Mandajors,

133 2367 135 2371 ,
159 2290 313 2366 Abauzit,
330 2286 447 2363 Delus,
465 2280 693 2368 Letronne(1),
708 2297 740 2344 et
752 2281 876 2369 Anglus
894 2282 1027 2370 quidam
1043 2289 1232 2375 anonymus⁴

104 2450 105 2454 ,
159 2412 178 2452 a
194 2413 260 2476 quo
277 2387 528 2475 disputationem
544 2383 703 2446 habemus
717 2380 758 2445 de
772 2381 905 2469 Alpibus
922 2384 962 2446 ab
976 2385 1157 2451 Hannibale
1172 2411 1227 2451 su·

159 2490 294 2576 peratis,
307 2487 448 2551 Londini
464 2507 550 2550 anno
568 2483 651 2548 1820
666 2481 803 2565 editam,
817 2483 850 2545 in
862 2473 932 2548 ’hoc
946 2488 1173 2570 consentiunt,
1188 2505 1226 2553 ut
1306 2564 1308 2572 Ι

161 2613 198 2653 ea
212 2589 254 2652 sit
271 2586 359 2676 apud
374 2586 562 2672 Allobrogas
575 2585 682 2673 regio,
700 2608 797 2671 quam
811 2607 830 2648 a
849 2603 1013 2673 septemtr.
1028 2588 1224 2672 Rhodanus,

139 2759 141 2765 Α
160 2688 323 2754 ameridie
338 2689 441 2766 Isara,
456 2701 489 2749 et
499 2685 541 2747 ab
553 2685 677 2748 oriente
693 2686 865 2750 includunt
881 2689 995 2752 excelsi
1009 2707 1153 2774 montes,
1167 2694 1224 2780 qui

161 2792 202 2857 ab
214 2793 340 2855 Etanna
355 2785 500 2875 (Yenne)
519 2783 560 2848 ad
576 2784 831 2872 Gratianopolim
842 2788 933 2867 juxta
945 2788 987 2866 45
1002 2792 1101 2855 millia
1112 2809 1224 2857 exten-

161 2894 304 2972 duntur,
321 2889 551 2972 scalarumque
567 2887 629 2950 iter
644 2885 767 2949 habent
782 2902 814 2950 et
831 2889 1048 2956 Carthusiam.
1160 2894 1164 2903 '

204 2995 280 3059 Non
300 2992 375 3054 satis
392 2987 502 3052 mirari
520 3009 713 3075 possumus,
732 3002 798 3050 tam
816 2987 946 3052 diversis
964 2989 1004 3054 de
1022 2993 1132 3056 Insula
1148 3017 1223 3059 sen·

161 3096 270 3160 tentiis
285 3092 480 3157 recentiores
496 3081 719 3169 contendisse,
739 3111 841 3176 quum
860 3082 986 3177 Polybii
1001 3093 1147 3181 Liviique
1161 3097 1225 3160 Po-

161 3198 307 3288 lybianos
316 3196 416 3259 libros
424 3189 554 3278 sequuti
562 3237 570 3270 ,
579 3189 719 3252 narratio
732 3191 815 3252 clara
827 3188 908 3252 adeo
918 3206 1105 3257 etaccurate
1120 3218 1224 3260 enun-

162 3302 236 3365 tiata
249 3299 308 3380 sit,
328 3314 366 3361 ut
378 3294 486 3358 nullus
502 3291 604 3356 dubio
623 3291 712 3353 locus
727 3312 796 3353 esse
808 3289 963 3357 videatur.
982 3295 1113 3382 Quippe
1129 3296 1225 3362 docet

161 3401 333 3489 Polybius,
343 3398 416 3462 libr.
432 3395 480 3457 Ill
490 3415 582 3481 ,cap
599 3393 659 3476 dp,
676 3414 716 3455 eo
730 3391 942 3456 Hannibalem
962 3397 1137 3480 quatriduo
1151 3414 1225 3487 post

163 3502 330 3581 trajectum
348 3496 545 3561 Rhodanum
562 3492 751 3559 devenisse:
769 3508 839 3554 tum
854 3493 933 3580 quid
947 3494 1071 3561 itineris
1085 3515 1224 3585 quatuor

162 3604 212 3665 his
227 3600 342 3665 diebus
357 3599 446 3662 Poeni
460 3594 581 3659 emensi
597 3594 677 3674 sint,
692 3615 731 3656 ex
747 3593 862 3657 eodem
880 3585 1011 3660 auctore
1026 3599 1223 3690 colligemus.

162 3705 288 3790 Nempe
308 3698 407 3763 stadia
431 3702 512 3776 1400
532 3695 747 3759 Hannibalem
761 3718 779 3758 a
795 3696 955 3761 Rhodano
971 3698 1012 3763 ad
1028 3700 1159 3790 Alpium
1176 3727 1226 3767 ra·

198 3893 239 3960 (1)
258 3893 365 3940 Membre
379 3890 410 3937 de
425 3889 524 3937 I'Acad.
542 3890 584 3937 des
597 3888 700 3952 Inserip.
713 3899 737 3935 et
747 3886 882 3953 inspectent
890 3889 993 3952 gdndral
1006 3890 1048 3938 des
1062 3890 1151 3942 drudes.
1162 3896 1227 3944 Vide

162 3993 268 4040 quoqne
286 3979 340 4024 Jac.
360 3976 438 4022 Gron.
462 3972 560 4021 Cluver.
582 3971 636 4019 Ital.
650 3971 727 4034 antiq.
742 3973 768 4030 I,
786 3972 875 4031 33301
896 3973 1011 4037 Matthia,
1028 3974 1087 4024 Obs.
1108 3978 1140 4027 ad
1164 3981 1228 4033 tivit

162 4062 205 4109 lib.
226 4063 299 4107 unt.

1010 4142 1072 4213 31.
