2782 4568
175 326 245 409 284
482 362 486 371 -
585 331 621 397 r.
654 330 792 398 mvn
1008 366 1012 383 .
1092 306 1215 408 3:335:

169 447 263 516 cititc
280 445 500 545 foederisque
517 474 639 521 secum
656 448 756 537 facti,
771 473 881 545 quem
900 472 1019 545 neque
1034 471 1110 518 esse
1125 451 1240 518 Cam-

172 580 330 652 panum,
350 582 472 656 neque
497 558 567 630 dici
590 559 743 648 debere,
767 559 925 655 Magium
951 558 1113 628 Decium.
1138 560 1239 629 Eum

169 667 368 763 postulare,
383 683 423 740 ut
440 669 509 741 sibi
525 669 690 756 dedatur,
708 693 802 740 aesc
818 681 993 764 praesente
1011 666 1056 736 de
1074 690 1119 736 eo
1136 664 1239 736 refe-

168 791 289 867 ratur,
321 795 540 878 senatusque
572 779 777 852 consultum
804 776 876 849 fiat.
912 782 1048 848 Omnes
1083 776 1121 844 in
1151 799 1237 847 eam

169 877 392 958 sententiam
413 887 555 960 ierunt³
576 913 813 986 :quanquam
834 911 970 985 magnae
996 887 1088 984 parti
1115 899 1152 956 et
1177 887 1236 956 vir

169 995 339 1094 indignus
352 1024 394 1070 ea
413 999 628 1088 calamitate,
643 998 791 1071 et'haud
804 1022 916 1094 parvo
930 996 1034 1066 initio
1048 995 1165 1067 minui
1180 996 1234 1065 vi-

169 1103 323 1178 deb'atur
336 1108 395 1203 jus
414 1109 598 1183 libertatis.
620 1115 792 1208 Egressus
810 1109 926 1195 curia,
940 1110 978 1177 in
995 1106 1131 1205 templo
1153 1131 1233 1175 ma-

168 1216 893 1318 gistratuslconsedit3comprehendique
901 1219 1050 1288 Decium
1058 1216 1233 1312 Magium,

168 1338 276 1421 atque
298 1344 382 1401 ante
410 1330 520 1427 pedes
543 1325 782 1402 destitutum⁵
800 1351 943 1398 causam
967 1326 1086 1398 dicere
1110 1327 1229 1420 jussit.

168 1435 240 1521 Qui
261 1460 395 1531 quum,
414 1455 583 1510 manente
598 1437 731 1510 ferocia
749 1437 879 1523 animi,
899 1451 1045 1533 negaret
1067 1436 1145 1532 lege
1166 1434 1233 1506 foe·

166 1540 285 1615 deris6
306 1546 344 1615 id
372 1550 450 1645 cogi
471 1573 596 1646 posse,
615 1561 695 1617 'tum
723 1546 860 1641 injectae
885 1561 1039 1634 catenae,
1070 1543 1231 1640 ducique

166 1647 249 1723 ante
259 1653 422 1727 lictorem
433 1660 472 1728 in
487 1673 601 1729 castra
616 1673 669 1729 est
681 1657 810 1753 jussus.
831 1655 959 1745 Quoad
974 1657 1089 1753 capite
1101 1669 1231 1751 aperto

165 1773 219 1829 est
238 1761 386 1852 ductus,
400 1766 723 1839 concionabundus
737 1767 897 1854 incessit,
910 1765 956 1837 ad
976 1762 1229 1836 circumfusam

165 1870 328 1970 undique
347 1876 618 1948 multitudinem
636 1876 860 1948 vociferans:
880 1874 1058 1946 «Habetis
1079 1875 1230 1949 liberta·
1265 1965 1279 1983 .

163 2010 180 2044 «
196 1996 289 2072 tem,
316 1988 510 2086 Campani,
543 2012 652 2085 quam
685 1988 833 2086 petistis.
865 1991 956 2055 Foro
986 1983 1124 2068 medio,
1144 1985 1229 2057 luce

164 2123 182 2156 «
195 2094 307 2181 clara,
326 2097 530 2169 videntibus
548 2098 671 2186 vobis,
693 2098 784 2168 nulli
795 2101 1070 2193 ¹Campanorum
1097 2119 1229 2166 secun-

165 2234 180 2268 «
195 2204 262 2277 dus
272 2218 298 2292 ⁷,
312 2211 454 2280 vinctus
468 2209 512 2281 ad
528 2225 682 2280 mortem
699 2210 829 2305 rapior.
842 2205 939 2296 Quid
952 2205 1143 2275 violentius
1157 2209 1227 2276 Ca-

166 2343 183 2379 «
197 2340 269 2411 pua
296 2334 397 2415 capta
425 2319 553 2392 fieret?
569 2326 628 2390 lte
656 2317 798 2389 obviam
820 2315 1029 2404 Hannibali,
1055 2332 1227 2388 exornate

162 2421 338 2514 «urbem,
357 2428 720 2525 diemqueadventus
737 2428 814 2523 ejus
831 2442 1052 2514 consecrate,
1068 2441 1108 2495 ut
1126 2426 1227 2498 hunc

163 2535 419 2632 «triumphum
439 2538 485 2609 de
510 2541 587 2609 cive
612 2551 744 2609 vestro
759 2538 936 2633 spectetis.
953 2567 969 2601 s
988 2542 1070 2606 Haec
1090 2536 1225 2607 vocife-

162 2646 284 2734 ranti,
303 2672 418 2742 quum
450 2650 587 2720 moveri
617 2648 745 2746 vulgus
778 2647 977 2732 videretur,
1010 2645 1223 2717 obvolutum

163 2769 271 2850 caput
289 2770 359 2845 est,
382 2759 555 2855 ociusque
576 2760 653 2856 rapi
676 2772 775 2829 extra
795 2773 937 2856 portam
954 2757 1083 2852 jussus.
1109 2762 1162 2827 Ita
1185 2759 1225 2829 in

161 2867 523 2966 castraperducitum
546 2870 799 2967 extemploque
820 2869 1009 2965 impositus
1027 2868 1064 2935 in
1084 2867 1223 2958 navim,

160 3062 244 3110 omnis.
260 3065 332 3112 Conf.
339 3065 414 3124 VIII,
428 3065 451 3111 6.
464 3092 500 3101 -
511 3066 574 3110 Eum
583 3076 668 3127 postu·
713 3076 801 3128 praeter
813 3065 878 3112 hunc
893 3081 1024 3122 summum3
1038 3065 1081 3111 sed
1094 3064 1223 3128 probabile

160 3142 224 3200 lare,
238 3154 266 3189 ut
274 3142 320 3190 sibi
327 3143 433 3191 dedatur
440 3160 486 3207 pro
491 3144 619 3208 postulare
629 3159 667 3199 se,
714 3160 780 3202 esse,
792 3143 840 3191 hoc
854 3161 868 3191 a
884 3144 937 3191 solo
955 3143 1115 3190 medixtutico
1128 3143 1222 3207 petiae

160 3233 187 3267 ut
196 3220 215 3267 is
225 3221 272 3268 siti
282 3221 306 3270 d.
316 3221 354 3271 Cf.
365 3222 396 3269 ad
403 3224 460 3281 XL,
475 3238 523 3280 ao,
537 3240 562 3269 n.
576 3239 599 3269 a.
713 3223 821 3287 permitti
830 3223 951 3286 potuisse,
963 3234 1047 3271 monet
1057 3223 1176 3269 Dukcrus.
1187 3250 1224 3259 -

196 3301 218 3346 3.
230 3303 316 3347 Omnes
326 3300 349 3347 in
360 3318 414 3347 eam
423 3301 566 3348 senteutiam
575 3302 669 3357 ierurtt,·
713 3304 793 3349 Locus
814 3303 856 3366 qui
874 3303 922 3363 juri
944 3301 1052 3348 dicundo
1074 3312 1125 3348 erat
1148 3300 1222 3348 desti-

160 3377 216 3424 vide
228 3378 260 3425 ad
271 3381 296 3439 1,
307 3380 353 3437 3²,
363 3380 436 3426 n.13.
714 3393 797 3441 natus,
806 3382 847 3429 hie
858 3381 971 3444 templum
980 3392 1093 3439 vocatur,
1106 3380 1221 3426 nimirum

195 3465 218 3511 4.
232 3458 347 3522 Egressus
360 3458 429 3504 curta
443 3458 580 3522 intemplo,
594 3458 669 3504 tribu·
714 3460 782 3523 quod
802 3459 907 3523 auguriis
924 3471 1078 3506 consecratus
1095 3470 1176 3506 esset:
1193 3475 1221 3505 ea

158 3534 207 3580 uali
222 3534 267 3600 (cf.
276 3535 308 3582 ad
320 3538 347 3594 1,
360 3537 390 3594 6,
403 3552 428 3583 n.
441 3535 485 3600 5),
496 3535 666 3600 magistratus,
713 3549 749 3586 cst
758 3539 822 3585 enim
832 3554 887 3585 voc.
895 3538 1007 3601 ternplum
1016 3535 1220 3601 significatio.Eu.

157 3614 665 3680 MariusBlosiuspraetor,comedinDuk.
746 3617 770 3665 5.
792 3619 857 3664 Ante
873 3617 948 3680 pedes
965 3602 1120 3680 'magistratus
1141 3616 1221 3663 eonsi-

158 3693 198 3738 Sic
210 3705 234 3740 et
246 3695 402 3759 magistratus
416 3697 505 3758 Capuae
516 3696 617 3753 XXVI,
635 3696 665 3740 13
712 3695 791 3744 dentis
808 3695 965 3754 destitutum
978 3696 1029 3743 vid.
1045 3713 1117 3759 supra
1130 3697 1162 3742 ad
1174 3695 1219 3743 tib.

156 3787 194 3833 pr.
206 3782 230 3818 et
242 3772 300 3819 hinc
312 3776 364 3822 Jac.
380 3778 459 3823 Gron.
471 3775 568 3833 XXIV,
582 3782 624 3833 47,
637 3776 665 3833 8,
711 3776 748 3834 II,
758 3791 811 3839 cap.
820 3791 849 3821 12
860 3791 900 3833 ,m
911 3783 934 3830 4.

156 3866 201 3912 pro
217 3852 401 3915 magistratuum
416 3840 481 3915 conj.
494 3853 664 3918 magistratus,
745 3854 770 3901 6.
779 3856 842 3918 Lege
844 3852 947 3918 faederis
958 3871 983 3901 se
995 3853 1025 3900 ad
1037 3853 1065 3898 id
1074 3853 1129 3916 cogi
1132 3869 1219 3915 posse;

155 3928 274 3990 quianon
283 3931 330 3978 nisi
338 3949 402 3980 unus
411 3934 500 3997 Capuae
512 3933 665 3998 magistratus
710 3933 766 3980 vide
776 3931 808 4002 ad
818 3935 864 3990 tv,
874 3933 919 3990 26,
931 3950 956 3980 n,
966 3933 989 3980 5.
1004 3940 1006 3945 '

155 4007 664 4073 suerit,dictuspraetoruutmedixtuticus.
745 4027 768 4070 7.
792 4011 863 4058 Nulli
884 4004 1063 4075 Campanorum
1084 4009 1216 4065 sccundus,

157 4087 208 4134 :llll
231 4087 296 4134 haud
319 4089 392 4135 dubie
414 4092 520 4139 minores
544 4092 577 4138 ibi
600 4093 665 4138 luere
710 4091 777 4138 nullo
801 4091 900 4138 inferior
922 4107 1023 4152 genere,
1042 4088 1171 4137 virtutibus
1193 4098 1218 4134 et

399 4320 408 4347 l
