2782 4568
183 303 307 404 3:233&
386 323 540 390 meaa
568 323 717 389 xxtn.
745 321 848 389 cnr.
876 321 993 387 xxv.
1150 319 1218 414 3¹7

158 444 336 541 tibusque,
348 467 419 540 per
432 467 523 537 quos
537 441 580 511 td
591 441 725 512 bellum
736 456 926 538 gereretur,
939 439 1221 512 consultandum

158 571 267 651 atque
288 553 512 650 agitandum.
533 559 614 650 Ipse
634 554 809 649 primum,
832 551 921 648 quid
938 550 1102 646 peditum
1121 555 1238 648 equi·.
1338 538 1341 551 ¹

158 680 309 762 tumque
318 720 328 752 ,
337 662 425 761 quid
440 663 590 748 civium,
603 663 692 760 quid
709 665 891 733 sociorum
904 663 941 730 in
955 664 1114 732 exercitu
1129 676 1222 735 esset

157 774 340 846 dictatoris
351 774 545 864 ‚disseruit
565 778 656 843 Tum
670 773 860 844 Marcellus
877 795 1020 841 suarum
1037 773 1222 869 copiarum

158 910 333 956 summam
351 885 528 981 exposuit.
554 883 651 973 Quid
668 884 706 953 in
725 880 876 981 Apulia³
892 906 975 952 cum
994 887 1033 953 C.
1053 886 1222 956 Terentio

157 995 304 1065 consule
321 1009 433 1079 esset,
448 1019 469 1064 a
484 995 609 1091 peritis
625 995 815 1090 quaesitum
829 1000 887 1064 'est
902 1018 1007 1080 :nec,
1024 993 1123 1064 unde
1139 1019 1223 1065 con·

158 1104 291 1176 sulares
314 1106 490 1175 exercitus
508 1105 592 1174 satis
608 1103 703 1173 firmi
720 1104 765 1174 ad
784 1118 927 1174 tantum
945 1103 1082 1174 bellum
1102 1103 1224 1177 effice-

157 1229 301 1302 rentur,
318 1213 478 1285 inibatur
496 1216 599 1285 ratio.
617 1218 744 1311 ltaque
759 1215 932 1300 Galliam,
948 1239 1156 1311 quanquam
1171 1219 1226 1286 sti·

157 1325 318 1397 mulabat
334 1327 430 1420 justa
449 1326 516 1415 ira,
539 1326 657 1396 omitti
674 1351 718 1396 eo
739 1351 836 1396 anno
851 1325 1021 1423 placuitl.
1037 1327 1224 1396 Exercitus

159 1432 342 1504 dictatoris
360 1436 501 1506 consuli
518 1434 683 1505 decretus
705 1451 759 1507 est
777 1464 784 1504 :
801 1436 846 1506 de
867 1437 1027 1506 exercitu
1045 1435 1223 1524 Marcelli,

160 1545 222 1639 qui
232 1570 359 1615 eornm
372 1570 416 1617 ex
427 1545 512 1644 fuga
523 1547 695 1616 cannensi
708 1561 827 1618 essent
835 1543 860 1636 ⁵,
872 1549 909 1616 in
920 1545 1072 1618 Siciliam
1085 1571 1146 1616 eos
1155 1561 1223 1616 tra-

159 1652 263 1741 duci,
279 1668 389 1750 atque
405 1654 456 1725 ibi
472 1656 642 1744 militare,
659 1655 775 1727 donec
789 1659 828 1726 in
841 1657 942 1728 Italia
959 1655 1097 1727 bellum
1112 1671 1223 1747 esset,

158 1763 312 1860 placuit:
330 1765 459 1836 eodem
477 1792 521 1836 ex
535 1766 720 1838 dictatoris
734 1767 938 1865 legionibus
956 1767 1057 1861 rejici
1073 1767 1225 1838 militem

158 1875 299 1943 minimi
324 1901 508 1973 quemque
534 1877 698 1964 roboris,
728 1877 831 1948 nullo
860 1879 1063 1975 praestituto
1090 1879 1224 1948 militiae

159 1998 343 2083 tempore,
365 1988 435 2057 nisi
458 1989 521 2082 qui
544 1989 808 2086 stipendiorum
830 1985 1100 2087 legitimorum6
1120 2005 1223 2062 esset.

160 2099 247 2183 Duae
272 2096 433 2192 legiones
449 2095 597 2165 urbanae
615 2099 716 2170 alteri
735 2099 890 2186 consuli,
910 2099 974 2195 qui
992 2100 1030 2167 in
1046 2098 1168 2169 locum
1181 2103 1221 2167 L.

159 2207 333 2277 Postumii
342 2205 515 2278 suffectus
527 2221 636 2294 esset,
648 2205 799 2278 decretae
809 2222 1098 2303 suntzeumque,
1110 2231 1224 2302 quum

161 2316 320 2412 primum
337 2316 440 2387 salvis
455 2316 644 2414 auspiciis⁷
658 2330 795 2414 posset,
808 2320 920 2388 creari
934 2318 1079 2414 placuit.
1096 2318 1224 2413 Legio·

160 2451 225 2497 nes
245 2441 419 2524 preterea
442 2427 531 2499 duas
549 2429 667 2525 primo
686 2451 834 2523 quoque
857 2440 1022 2525 tempore
1043 2452 1087 2496 ex
1109 2415 1225 2497 Sicilia

162 2538 288 2607 acciri:
306 2551 414 2634 atquc
430 2539 515 2610 inde
532 2540 677 2625 consul,
693 2542 751 2612 cui
765 2541 924 2638 legiones
936 2539 1083 2611 urbanae
1096 2543 1226 2612 evenis·

161 2661 262 2733 sent,
276 2647 431 2717 militum
447 2665 603 2720 sumeret
620 2666 796 2748 quantum
812 2677 903 2750 opus
925 2666 1028 2724 esset.
1046 2657 1085 2722 C.
1096 2656 1226 2724 Teren-

162 2757 213 2826 tio
232 2758 372 2828 consuli
389 2762 580 2858 propagari
598 2763 636 2830 in
656 2787 793 2833 annum
811 2765 1003 2860 imperium
1020 2790 1027 2832 :
1044 2788 1165 2860 neque
1180 2764 1225 2835 de

199 2968 222 3012 3.
239 2965 307 3028 Quid
314 2965 339 3012 in
355 2965 461 3030 Apulia,
477 2965 529 3013 scil.
546 2967 672 3031 copiarum
716 2967 748 3015 ad
757 2959 841 3027 XXV,
852 2977 893 3027 (ιι,
903 2985 928 3016 n.
939 2970 970 3027 8,
983 2980 1007 3017 et
1015 2971 1115 3028 XXVI,
1131 2986 1153 3029 1,
1164 2987 1189 3017 n.
1199 2973 1223 3019 3.

162 3060 235 3105 esset,
253 3045 362 3110 aperitis
376 3045 503 3110 quaesitum
514 3058 561 3105 est,
581 3047 611 3094 ab
627 3046 671 3107 iis,
751 3048 775 3095 6.
788 3047 844 3094 Nisi
850 3047 894 3110 qui
901 3047 970 3095 miles
980 3047 1012 3112 (f.
1023 3046 1090 3111 quis)
1098 3048 1226 3111 stipendio-

162 3127 252 3191 quibus
264 3127 291 3174 id
299 3138 385 3174 notum
399 3137 470 3174 esset.
716 3142 769 3173 rum
782 3125 1026 3190 legitimorum-esset,
1044 3141 1129 3173 eorum
1142 3128 1225 3176 confe-

198 3217 221 3264 4.
236 3209 325 3270 Itaque
340 3205 575 3254 Galliam...omitti
590 3204 671 3272 (conf.
716 3205 789 3254 ciseet
801 3219 936 3252 numerum.
963 3204 1054 3252 Confer
1066 3205 1097 3251 ed
1113 3207 1163 3265 111,
1175 3206 1225 3266 62,

162 3297 215 3335 not.
236 3285 268 3351 2)
286 3303 313 3334 eo
331 3302 396 3333 anno
412 3285 537 3349 placuit:
557 3286 672 3349 proximo
715 3302 740 3332 n.
755 3285 779 3332 5.
797 3310 831 3320 -
853 3284 887 3330 ni
906 3283 993 3331 milites
1013 3283 1107 3330 minimi
1125 3285 1226 3349 quisque

163 3378 243 3414 tamen
272 3383 337 3414 anno
362 3366 425 3413 banc
450 3364 603 3430 provinciam
626 3366 671 3414 Μ’.
716 3363 852 3412 roboriseo
870 3363 969 3410 meliore
987 3361 1129 3410 conditione
1143 3375 1224 3422 erant,

163 3446 300 3507 PomponIo
322 3444 436 3493 Mathoni
458 3444 558 3510 praetori
577 3444 672 3493 urbano
716 3459 788 3507 quam
801 3443 819 3490 ii
829 3444 873 3508 qui
882 3461 896 3491 a
905 3442 996 3491 Cannis
1006 3442 1132 3505 legerant,
1145 3443 1228 3511 quod,

164 3522 244 3570 datam
253 3524 339 3583 fuisse,
348 3542 415 3574 exeo
421 3525 549 3590 probabile
555 3523 596 3582 fit,
605 3525 673 3588 qnod
716 3534 801 3570 exacto
817 3522 991 3586 stipendiorum
1008 3521 1167 3586 legitimorum
1181 3538 1227 3570 nu·

164 3603 187 3650 ei
201 3601 329 3666 imperium
342 3603 366 3650 iu
377 3604 473 3652 Gallico
485 3620 543 3669 agro
556 3619 673 3669 proroga·
715 3617 796 3661 mero,
809 3602 836 3648 in
849 3602 950 3666 patriam
966 3600 1045 3648 redire
1057 3612 1186 3665 poterant:
1201 3612 1226 3650 at

164 3694 216 3730 tum
226 3681 299 3729 tradit
312 3682 365 3730 Liv.
378 3685 476 3742 XXIV,
489 3700 528 3733 10.
539 3683 630 3733 Confer
641 3682 671 3730 ad
715 3681 789 3730 militi
802 3681 920 3729 cannensi
929 3697 980 3729 non
993 3691 1048 3727 ante
1061 3679 1119 3728 finis
1135 3681 1227 3731 militie

163 3763 248 3820 XXV,
260 3769 303 3820 tr,
313 3777 339 3808 n.
352 3762 375 3808 8.
716 3760 898 3818 ostendebatur,
906 3776 978 3824 quam
986 3761 1069 3807 hostes
1077 3760 1154 3807 Italia
1162 3761 1227 3825 pulei

201 3841 225 3888 5.
240 3841 288 3903 Qui
298 3856 380 3887 eorum
394 3840 497 3906 exfitga
508 3841 626 3889 cannensi
636 3858 672 3889 es·
718 3850 806 3888 esseut.
817 3842 863 3887 En.

164 3931 218 3967 sent
234 3919 305 3984 (vide
318 3919 350 3966 ad
362 3923 386 3977 I,
403 3921 450 3979 30,
468 3936 494 3967 n.
509 3935 538 3982 9,
561 3931 586 3969 et
598 3922 672 3979 VIII,
756 3937 779 3980 7.
793 3919 869 3966 Salvis
883 3917 1009 3982 auspiciis,
1023 3929 1050 3964 ut
1059 3917 1123 3982 apud
1132 3918 1183 3967 Cic.
1195 3918 1227 3967 ad

127 4036 130 4040 ι
167 3999 345 4064 37,n.5)‚in
358 3997 465 4046 Siciliam
480 3999 672 4048 costr-educi...
717 3999 812 4057 Div.I‚
827 3999 851 4045 5.
871 3998 962 4046 Confer
979 3997 1176 4058 adV‚17,n.t.
1192 4024 1226 4034 -

162 4076 275 4141 placuit,·
286 4077 371 4125 confer
378 4093 431 4142 cap.
442 4079 487 4138 313
500 4080 584 4138 XXV,
598 4078 612 4125 5
623 4095 673 4143 seq.
720 4075 986 4141 Consulipropagariiu
994 4092 1086 4124 aunum
1091 4076 1227 4141 imperim:
