2782 4568
176 265 299 374 32‘333321
365 290 455 355 nra.
482 289 583 356 xxr.
612 269 728 357 car?
746 293 889 359 xcru.
917 295 1052 362 xntv.
1162 294 1209 392 89

151 437 168 473 α
184 421 259 479 non
283 406 378 479 idem
398 433 483 505 ego,
505 411 647 480 virtutis
671 427 852 508 spectator
879 437 920 484 ac
944 415 1062 500 testis,
1084 431 1209 490 notata

150 517 407 616 «temporibus
431 518 590 615 locisque
616 518 752 592 referre
778 548 843 594 sua
868 521 1044 621 possim¹³
1066 525 1207 600 decora.

150 657 168 693 (ι
183 634 273 700 Cum
284 628 434 700 laudatis
446 653 468 700 a
478 653 536 701 me
547 631 674 702 millies
686 633 915 733 donatisque,
931 636 1098 706 alumnus
1109 639 1209 733 prius

149 768 166 802 «
183 741 344 810 omnium
358 753 537 828 vestrum,
555 766 664 836 quam
686 744 899 842 imperator,
920 746 1119 844 procedam
1134 749 1209 820 acie

149 849 354 921 «adversus
366 852 508 946 ignotos
527 852 621 922 inter
640 877 677 923 se
692 857 981 953 ignorantesque.

194 961 317 1034 XLIV.
338 966 608 1059 «Quocumque
623 965 828 1036 circumtuli
845 968 988 1054 oculos,
1005 967 1113 1065 plena
1132 991 1209 1038 om-

149 1100 166 1138 «
180 1073 238 1141 nia
247 1073 356 1143 video
364 1075 566 1144 animorum
583 1097 623 1143 ac
635 1071 797 1160 roboris,
808 1092 1020 1148 veteranum
1029 1077 1207 1176 peditem,

93 1233 95 1236 .
148 1212 168 1246 s
181 1185 534 1278 generosissimarum
547 1184 708 1279 gentium
727 1187 871 1280 equites·
882 1186 1043 1259 frenatos
1057 1202 1093 1259 et
1105 1187 1209 1261 infre·

147 1321 164 1356 «
182 1307 285 1364 natos
297 1305 323 1380 ¹,
349 1319 414 1363 vos
439 1294 554 1363 socios
576 1291 803 1364 fidelissimos
822 1292 1123 1394 fortissimosque,
1143 1321 1208 1370 vos

146 1402 513 1499 «Carthaginienses,
539 1427 652 1497 quum
675 1401 723 1473 ob
750 1405 921 1500 patriam,
943 1421 1023 1477 tum
1043 1407 1092 1478 ob
1116 1409 1205 1477 iram

144 1511 411 1606 «justissimam
436 1527 672 1610 pugnaturos.
700 1512 892 1585 Inferimus
916 1515 1092 1608 hellum2,
1118 1516 1206 1588 ini·

142 1625 315 1718 ustisque
333 1625 444 1721 signis
465 1623 717 1695 descendimus
738 1625 776 1694 in
793 1627 929 1696 Italiam
944 1682 953 1715 ,
971 1641 1072 1698 tanto
1096 1629 1207 1698 auda-

140 1763 159 1797 «
176 1734 253 1804 cius
265 1732 466 1832 fortiusque
481 1736 693 1832 pugnaturi,
703 1749 842 1831 quanto
854 1739 970 1831 major
984 1761 1080 1834 spes,
1090 1738 1206 1831 maior

142 1873 160 1908 «
175 1858 229 1914 est
245 1847 390 1942 animus
405 1844 591 1917 inferentis
608 1847 699 1933 vim,
718 1869 827 1942 quam
847 1849 1009 1918 arcentis.
1031 1847 1205 1919 Accendit

141 1983 158 2016 <t
175 1969 348 2051 praeterea
369 1958 528 2043 animos,
552 1971 587 2027 et
610 1955 770 2026 stimulat
793 1955 913 2044 dolor,
937 1957 1088 2051 injuria,
1109 1956 1204 2027 indi·

142 2092 159 2126 «
174 2065 290 2160 gnitas
316 2091 325 2132 :
353 2064 399 2135 ad
421 2067 638 2163 supplicium
668 2067 962 2163 depoposcerunt
989 2091 1047 2136 me
1073 2067 1203 2136 ducem

141 2201 159 2236 «
176 2176 350 2270 primum,
373 2176 503 2248 deinde
524 2202 588 2249 vos
614 2202 760 2262 omnes,
781 2178 844 2272 qui
863 2182 1062 2273 Saguntum
1082 2200 1202 2273 oppu-

126 2313 158 2353 .«
173 2289 363 2382 gnassetis;
382 2288 523 2360 deditos
543 2289 678 2360 ultimis
702 2285 919 2358 cruciatibus
939 2283 1103 2356 affecturi
1123 2282 1203 2356 fue-

141 2426 158 2461 «
172 2414 268 2469 runt.
285 2401 539 2472 Crudeliss'rma
557 2427 599 2472 ac
614 2399 870 2498 superbissima
886 2423 974 2495 gens
995 2421 1064 2467 sua
1082 2398 1204 2466 omnia

141 2511 301 2606 «suique
319 2510 459 2582 arbitrii
470 2510 553 2583 facit
573 2539 580 2580 :
599 2538 683 2583 cum
700 2509 836 2608 quibus
852 2508 1008 2593 bellum,
1025 2531 1107 2578 cum
1127 2509 1202 2604 qui-

177 2690 216 2738 13.
225 2690 464 2754 Refirresuapossim
470 2691 573 2748 deeora,
584 2708 646 2755 prae-
690 2690 829 2752 Hannibsl;
841 2689 882 2736 sed
895 2705 976 2736 veram
986 2689 1140 2752 ImperatorIs
1150 2687 1202 2734 Iau-

138 2767 204 2817 olera
219 2769 325 2818 facinora
342 2785 487 2830 memorare,
502 2781 530 2816 ut
547 2772 599 2829 111,
615 2787 643 2817 ra
691 2769 746 2816 dem
758 2785 808 2834 prae
823 2785 848 2816 se
862 2769 921 2827 fert,
933 2768 975 2832 qui
986 2783 1071 2815 omnes
1082 2767 1201 2814 exercitus

138 2863 177 2909 pr.
195 2847 254 2892 Cum
272 2849 352 2908 vobIs,
365 2848 485 2897 militibus
504 2848 612 2896 laudatis
628 2866 646 2896 a
690 2849 728 2895 sui
738 2848 846 2912 inclytos
857 2849 923 2896 viros
934 2848 1021 2895 noscit.
1031 2850 1078 2894 Eu.

137 2941 177 2971 me
189 2924 274 2972 mt'Hies
285 2944 330 2990 pro
342 2929 474 2988 concione,
487 2927 643 2990 donatisque,
726 2929 787 2977 Cir.
806 2930 896 2976 XLIV.
913 2944 936 2976 r.
959 2925 1202 2973 Generosissimarum

137 3003 250 3051 alumnus
256 3007 361 3054 sirmium
367 3019 511 3064 vestrorum,
519 3007 545 3054 In
553 3006 645 3063 eastris,
686 3007 795 3071 gentium
809 3007 899 3070 equites
903 3006 1030 3070 frenatos,
1041 3007 1165 3068 HIspanos
1177 3001 1201 3051 et

135 3084 644 3149 inter-vos‚etavobiseducatus‚procedam
689 3077 914 3154 Carthlsginienses,
933 3097 956 3131 et
969 3083 1102 3148 infrenatos
1113 3081 1201 3128 Numi-

135 3163 162 3209 in
174 3164 228 3211 acie
241 3163 251 3228 (
256 3166 302 3212 uisi
313 3167 361 3229 leg.
372 3165 401 3213 in.
407 3166 497 3222 aciem,
509 3166 615 3225 utVIII,
627 3181 643 3226 9
688 3163 743 3224 das,
758 3164 814 3228 qui,
831 3174 859 3211 ut
870 3163 946 3211 hodie
965 3162 1047 3209 Mauri
1061 3162 1088 3207 in
1101 3160 1198 3223 Africa,

134 3258 172 3306 pr.
186 3246 304 3302 unxit,
317 3244 361 3308 αι)
374 3245 486 3294 adversus
499 3245 592 3309 ignotos
606 3244 643 3291 in·
687 3231 763 3306 eques
774 3259 825 3290 non
836 3242 923 3297 frenis,
936 3240 980 3287 sed'
988 3240 1056 3301 virga
1065 3250 1152 3302 regunt
1162 3238 1198 3305 (v.

136 3333 172 3370 ter
187 3339 213 3370 se
229 3323 316 3372 ducem
330 3336 355 3373 et
372 3327 517 3384 exeuntum,
529 3325 642 3389 ignoran·
686 3324 718 3371 ad
728 3325 769 3371 Sil.
778 3327 803 3381 I,
816 3323 866 3369 215
878 3314 941 3384 sq.l:
952 3318 995 3372 τὴν
1004 3319 1197 3386 reputemini

135 3412 216 3464 terque
234 3419 260 3452 se
276 3404 388 3454 invicem.
406 3405 477 3454 Cous.
491 3416 543 3453 not.
555 3420 594 3452 ro.
607 3430 643 3441 -
686 3399 775 3461 ἵππον,
785 3397 826 3452 καὶ
836 3399 891 3456 τοὺς
899 3389 1148 3467 Νομαδικοῖιςὶππεῐς
1156 3416 1196 3464 ap.

133 3481 220 3543 Operae
232 3483 338 3545 pretium
348 3484 444 3531 videtur
453 3484 494 3531 hic
505 3499 560 3531 cum
572 3483 642 3530 Liris
686 3479 774 3545 Polyb.
790 3480 840 3535 111,
855 3477 897 3525 65.
916 3478 988 3527 Conf.
1003 3493 1056 3541 cap.
1073 3477 1119 3534 46,
1133 3492 1157 3523 n.
1171 3484 1196 3532 4.

134 3561 257 3607 Luoenum
266 3563 390 3619 conferre,
400 3562 443 3610 lib.
448 3564 509 3621 VII,
523 3563 572 3622 287
588 3578 641 3626 sqq.
686 3557 808 3624 Infrenatt'
815 3557 840 3606 h.
847 3552 974 3614 linireni,
983 3556 1058 3603 frenis
1068 3571 1119 3601 non
1129 3565 1197 3602 nten-

133 3637 214 3687 Caesnr
227 3652 283 3690 ants
298 3642 456 3706 pharsalicam
468 3658 575 3707 pugnam
589 3641 641 3692 haee
686 3650 738 3688 tes:
751 3651 774 3686 at
787 3640 929 3695 XXXVII,
946 3653 995 3694 ao,
1009 3635 1112 3694 frenati,
1125 3646 1150 3682 et
1162 3635 1196 3684 ib.

131 3717 165 3763 ad
179 3719 268 3768 milites
284 3722 362 3770 dicit:
379 3723 477 3784 «Cujus
490 3737 549 3770 non.
558 3722 642 3770 militis
686 3718 824 3783 infrenare,
847 3719 915 3765 frena
936 3717 993 3763 dare
1015 3724 1040 3762 et
1059 3715 1195 3780 imponere.

133 3811 214 3847 ensem
223 3802 379 3872 Agnoscam?
391 3801 523 3865 columque
536 3813 641 3850 tremens
685 3797 755 3845 Nudi
757 3797 850 3863 frenis,
866 3795 1028 3866 infrenatique
1041 3795 1145 3860 ηιαηίρίἱ
1155 3813 1194 3860 ap.

133 3891 208 3937 quum
216 3878 300 3927 lancea
308 3881 407 3937 maisit,
417 3880 503 3929 Dicere
512 3897 565 3928 non
572 3881 641 3931 fallar
686 3876 727 3924 Sil'.
741 3878 785 3933 IV,
802 3876 861 3930 314.

132 3970 183 4016 quo
195 3957 227 4005 sit
242 3958 336 4007 vibrata
348 3960 469 4008 lacerto.»
483 3961 640 4010 Noneaem.
680 4001 681 4006 ,
720 3972 744 4002 2.
756 3952 884 4020 Inferimus
900 3953 999 4011 bellum,
1013 3952 1152 4018 infestisque
1163 3954 1195 4001 si·

131 4033 215 4102 phot,
231 4054 287 4102 quae
304 4039 426 4090 rhetorem
443 4039 551 4096 redolet,
564 4040 641 4090 utitur
681 4033 737 4100 gnis
756 4033 928 4111 (vide1,13‚
943 4050 968 4082 n.
981 4031 1014 4098 2)
1029 4032 1193 4082 descendimus
