2782 4568
195 274 323 377 etet:
402 294 551 360 crona
577 294 700 359 xxrr.
730 292 835 360 cap.
863 294 1003 362 xxrv.
1163 296 1228 393 187

167 440 225 487 res
246 416 401 514 palatos,
420 428 482 484 aut
502 415 540 483 in
557 429 690 499 castra,
709 414 834 484 relicta
854 439 936 484 cum
955 412 1025 485 levi
1046 414 1230 511 praesidio,
1309 413 1312 418 ’

167 525 280 599 fieret.
292 532 367 599 Nec
376 525 616 596 Hannibalern
628 523 765 613 fefellit,
774 550 857 596 curn
869 524 960 596 duce
970 538 1146 595 mutatam
1154 551 1231 599 esse

166 636 252 709 belli
265 640 460 725 rationem,
476 652 511 708 et
525 635 697 726 ferocius,
715 660 824 733 quam
838 636 1055 723 consultius,
1071 661 1148 706 rem
1162 636 1231 718 ho·

166 761 236 820 stes
257 743 429 846 gesturos.
452 752 532 844 Ipse
556 763 676 819 autern
697 746 820 844 (quod
835 747 985 836 minime
1004 746 1086 842 quis
1105 744 1231 816 crede-

165 871 220 927 ret
230 855 284 954 3),
302 883 415 955 quum
432 859 545 927 hostis
558 859 709 955 propius
724 871 833 943 esset,
850 858 993 927 tertiam
1008 870 1146 953 partem
1162 858 1232 927 rni-

165 965 268 1038 litum
278 967 708 1056 frumentatum,duabus
718 970 755 1038 in
768 969 890 1038 castris
899 965 1231 1054 retentis‚dimisit:
1315 1055 1316 1060 ἵ

165 1077 248 1149 dein
267 1095 381 1151 castra
398 1081 473 1176 ipsa
495 1081 645 1178 propius
662 1079 829 1149 hostem‘*
848 1080 976 1165 movit,
992 1076 1066 1148 duo
1084 1075 1232 1158 sermea

166 1192 327 1260 Geronio
344 1189 472 1278 nullia,
491 1191 529 1259 in
547 1188 728 1259 tumidum
745 1188 840 1260 hosti
855 1200 1106 1284 conspectum3
1124 1200 1166 1256 ut
1177 1187 1232 1255 in·

164 1368 225 1413 raria
238 1383 266 1413 ac
280 1367 428 1430 periculosa,
439 1381 493 1428 quac
503 1367 552 1412 fere
563 1366 620 1411 iniri
634 1383 672 1412 so·
717 1367 857 1424 consulere,
866 1367 909 1429 qui
920 1382 972 1412 rem
983 1364 1122 1412 distinctim
1131 1376 1155 1412 et
1165 1381 1232 1428 aper-

163 1445 214 1493 lent
229 1446 259 1491 ab
273 1445 318 1503 iis,
332 1445 375 1508 qui
390 1444 513 1490 calidioris
527 1444 617 1506 ingenii
634 1442 673 1508 (et
717 1448 765 1492 tius
774 1450 865 1503 narrat,
876 1445 977 1493 inhunc
984 1445 1034 1491 fere
1043 1443 1154 1492 modum.
1162 1447 1232 1494 Post·

160 1523 311 1587 juventutis)
325 1523 419 1585 impetu
436 1538 461 1568 se
479 1523 559 1586 abripi
576 1523 673 1586 patiun-
717 1538 789 1586 quam
810 1524 935 1570 Minucius
955 1525 982 1569 in
1005 1523 1126 1570 tumulum
1146 1522 1231 1581 illum,

164 1613 217 1663 tur;
228 1604 302 1648 Doer.
315 1601 387 1650 Conf.
400 1601 431 1647 ad
442 1601 548 1659 sitvt1,
560 1602 605 1659 34;
615 1603 671 1658 XV,
717 1604 782 1650 unde
793 1603 912 1651 Numidas
924 1602 1055 1663 dejecerat,
1067 1612 1144 1648 castra
1153 1613 1231 1649 uana-

165 1681 228 1739 3373
245 1679 301 1727 infr.
321 1679 352 1726 ad
368 1681 477 1737 XXXV,
497 1681 545 1738 32,
563 1696 588 1726 n.
605 1695 632 1740 7,
649 1691 673 1726 et
717 1680 787 1738 tulit,
800 1681 923 1729 Hannibal
939 1678 1081 1744 aliquandiu
1100 1680 1230 1728 maximam

162 1756 308 1807 Wakefield.
323 1758 370 1805 del.
380 1757 491 1822 Tragoed.
504 1770 563 1806 tom.
575 1762 602 1816 I,
617 1753 673 1822 pag.
717 1770 810 1822 partem
822 1760 927 1809 militum
942 1760 968 1806 in
983 1759 1067 1806 castris
1080 1759 1169 1808 tenuit.
1180 1760 1231 1817 Ve-

165 1846 228 1896 ⁴⁰13
247 1848 306 1886 tom.
319 1838 362 1896 11,
378 1853 434 1900 pag.
450 1838 516 1900 359,
535 1838 577 1884 ubi
596 1854 673 1901 graece
717 1855 772 1885 rum
783 1851 841 1903 post
852 1839 946 1903 aliquot
956 1837 1008 1886 dies
1020 1849 1118 1886 coactus
1131 1849 1167 1884 est
1177 1853 1231 1902 par-

162 1916 262 1986 θερμὸς,
272 1917 424 1986 θερμουργὸς,
437 1927 496 1976 etc,
506 1917 592 1963 eodem
601 1925 683 1964 sensu
717 1918 762 1965 tim
781 1919 968 1974 frumentatum,
984 1917 1074 1981 partim
1091 1916 1123 1964 ad
1140 1925 1231 1980 pecora

164 1995 213 2042 dici
226 1998 321 2044 monet.
717 1997 838 2062 pascenda
873 1996 1066 2060 quamplurimos
1100 1995 1231 2043 dimittere.
1267 2013 1270 2024 ·

199 2077 223 2123 3.
238 2066 311 2137 Quod
322 2075 420 2122 minime
436 2075 489 2138 quis
505 2075 622 2132 crederet,
637 2092 671 2125 sc.
717 2076 792 2138 Quod
808 2091 883 2138 quum
896 2076 1010 2122 sensisset
1022 2075 1163 2132 Minucius,
1176 2075 1231 2139 ipse

163 2156 296 2202 exercitum
306 2165 355 2202 tam
365 2154 435 2201 valde
446 2140 613 2212 imminutum,
625 2166 673 2202 ter·
718 2156 749 2202 ad
761 2168 838 2203 castra
847 2155 955 2202 hostium
964 2170 1020 2200 cum
1029 2154 1169 2217 legionibus
1179 2170 1230 2201 suc·

163 2234 196 2280 tia
206 2246 275 2297 parte
282 2233 397 2293 dimissa,
408 2249 482 2296 quum
493 2234 572 2281 hostis
581 2234 608 2280 in
617 2249 674 2298 pro
718 2235 805 2282 cessit:
815 2234 949 2298 equitatum
960 2245 984 2281 et
996 2233 1074 2280 levem
1085 2243 1231 2281 armaturam

163 2313 256 2376 pinquo
274 2325 351 2371 esset3
369 2313 501 2362 strothius.
521 2313 674 2363 Crediderim
716 2311 1231 2378 iupabulatoresemisit.Hannibalineque

162 2393 258 2455 potius,
270 2393 322 2440 haec
335 2393 409 2440 verba
423 2393 552 2456 glossatori
565 2393 673 2440 tribuen-
718 2392 749 2440 ad
763 2391 904 2441 certandum
920 2393 972 2441 acie
987 2384 1045 2439 satis
1061 2390 1148 2438 virium
1165 2403 1229 2451 erat,

163 2469 209 2530 da,
220 2483 245 2519 et
257 2472 322 2518 Livii
334 2483 440 2520 mentem
456 2489 508 2520 esse
523 2473 586 2520 banc
598 2488 605 2520 :
619 2475 674 2537 Ipse
717 2489 796 2537 neque
810 2473 841 2520 ad
855 2489 927 2538 opem
943 2471 1029 2536 palatis
1040 2488 1084 2535 per
1094 2487 1164 2534 agros
1178 2469 1228 2518 suis

163 2561 338 2613 autem‚quum
346 2549 524 2615 hostispropius
531 2564 599 2608 esset,
608 2568 673 2610 non,
718 2552 849 2600 ferendam.
872 2553 975 2617 Jamque
994 2550 1116 2599 vellebant
1137 2549 1227 2597 vallum

162 2638 287 2688 utentes,
302 2629 361 2676 duas
380 2632 501 2679 exercitus
521 2643 603 2694 partes
623 2631 674 2678 fru·
716 2631 824 2679 hostium
841 2630 961 2688 Romani,
978 2645 1053 2694 quum
1072 2628 1230 2688 Hasdrubal,

163 2719 294 2756 mentatum
306 2709 373 2756 misit
388 2709 458 2773 (vide
470 2726 524 2773 cap.
538 2711 570 2757 23
585 2709 672 2774 extr),
717 2711 827 2758 collectis
848 2709 1066 2758 frumentatoribus
1088 2708 1130 2771 qui
1151 2710 1229 2756 Gero-

164 2784 208 2831 scd
225 2787 320 2834 tertiam
338 2798 433 2834 tantum
445 2799 559 2848 partem,
580 2799 625 2834 eto.
637 2815 671 2824 -
715 2791 784 2837 nium
803 2788 942 2854 refugerant
961 2789 992 2836 ad
1012 2801 1117 2853 quatuor
1135 2787 1228 2845 millia,

162 2864 212 2911 Hic
221 2860 320 2912 *omnem
334 2866 443 2915 Creverii
456 2877 540 2913 notam
557 2867 671 2914 transcri-
715 2869 832 2916 auxilium
841 2861 974 2921 Hannibali
979 2870 1030 2928 jem
1038 2883 1117 2931 prope
1128 2867 1229 2914 obsesso

163 2943 219 2991 bere
245 2960 325 3008 operae
350 2945 455 3010 pretium
482 2945 594 3004 videtur,
615 2946 671 3007 quia
714 2946 978 2994 incastristulit.Tum
987 2942 1228 2994 Romaniabscedere

161 3023 236 3070 multa
253 3023 280 3070 in
297 3024 368 3071 Livio
385 3023 489 3071 obscura
506 3023 614 3071 dilucide
631 3040 672 3071 ex·
715 3027 794 3073 coacti
808 3037 877 3083 sunt,
888 3026 972 3072 multis
983 3035 1064 3071 tamen
1076 3022 1184 3070 bostium
1196 3023 1228 3070 ad

161 3101 671 3166 plicat.«Curautem,inqtiit‚quisquam
716 3116 793 3152 castra
814 3105 890 3153 cresis.
916 3098 1127 3153 Frumentatorum
1152 3104 1229 3163 major

162 3197 224 3244 aegre
246 3182 329 3230 credat
349 3199 404 3229 eum
422 3175 509 3229 ducem
528 3183 584 3244 qui,
600 3182 671 3229 hoste
716 3183 788 3239 etium
803 3183 882 3232 oaedes
894 3184 951 3245 l'uit.
968 3185 1070 3231 Postero
1085 3181 1125 3227 die
1138 3183 1229 3229 Hanni·

160 3260 248 3324 procul
267 3260 367 3320 dissito,
385 3261 445 3308 duas
464 3248 568 3308 militum
590 3271 672 3325 partes
715 3259 791 3308 balin
802 3262 884 3326 priora
895 3250 988 3327 castra,
999 3275 1053 3324 qute
1066 3276 1113 3324 pro
1127 3261 1229 3308 Geronii

160 3339 332 3387 frumentatum
343 3339 467 3397 mittebat,
477 3350 606 3403 postquam
616 3356 672 3403 pro·
716 3341 836 3389 moenibus
852 3335 933 3403 erant,
945 3330 1111 3404 recepit'suos
1121 3355 1170 3389 :ac
1186 3357 1229 3404 po

158 3418 216 3480 pius
230 3420 331 3466 accessit
346 3418 437 3476 bostis,
450 3420 501 3479 jam
517 3418 671 3466 solummodo
716 3431 766 3467 stea
783 3414 879 3484 parcius
895 3431 919 3468 et
935 3420 1030 3487 cautius
1047 3420 1158 3484 pabulati
1171 3431 1228 3468 sunt

159 3498 255 3544 tertiam
268 3509 361 3561 partem
374 3498 478 3546 militum
491 3498 601 3545 misisse?
614 3500 671 3545 Om·
716 3488 955 3563 Carthaginienses»
968 3501 1016 3548 En.
1056 3502 1066 3521 ’

158 3575 219 3621 nino
228 3576 282 3623 haec
292 3577 444 3641 parenthesis
454 3594 539 3641 parum
551 3578 624 3641 digna
633 3578 671 3625 Li-
716 3580 722 3589 ‘
751 3579 891 3643 4.Prop'r'us
900 3578 990 3631 hostem
997 3595 1008 3635 ,¹
1021 3576 1078 3623 vide
1087 3577 1119 3624 ad
1130 3579 1168 3636 Π,
1179 3578 1225 3637 48,

158 3655 201 3700 vio
211 3654 317 3714 videtur,
327 3668 352 3704 et
360 3668 402 3704 aut
410 3658 588 3722 corrupta‚aut
597 3658 670 3704 etiam
714 3674 739 3706 n.
756 3658 779 3705 5.
798 3685 833 3695 -—
848 3661 904 3705 Duo
915 3658 997 3722 ferme
1014 3648 1180 3711 mill1o5'vide
1194 3656 1226 3703 ad

158 3734 257 3796 penitus
275 3735 392 3782 tollenda.
406 3734 493 3798 Neque
510 3737 575 3783 enim
592 3737 671 3785 simile
714 3734 1229 3796 tx,24‚n.2.-1ncmtumtostt
1286 3780 1289 3786 .

158 3811 291 3875 quidquam
309 3814 429 3878 reperitur
445 3814 510 3879 apud
525 3815 670 3882 Polybium,
715 3827 866 3878 conspectum
871 3834 882 3874 ,·
891 3815 948 3863 vide
958 3817 996 3874 ΙΙ,
1008 3815 1031 3872 5,
1041 3830 1066 3860 n.
1078 3816 1102 3861 8.
1112 3839 1147 3850 -
1156 3817 1226 3862 Hane

159 3904 233 3950 quem
250 3892 292 3939 bio
312 3893 423 3956 sequitur
439 3894 529 3942 Livius.
550 3895 671 3943 Caeterum
714 3895 845 3942 lectionem
858 3894 965 3943 restituit
976 3895 1000 3942 J.
1014 3896 1055 3940 Fr.
1070 3895 1136 3941 Gon.
1150 3910 1225 3957 quum

160 3967 191 4015 de
211 3980 265 4018 toto
283 3972 331 4019 hoc
349 3973 449 4035 negotio
468 3975 672 4039 operaepretium
716 3986 786 4027 antea
804 3975 943 4038 vulgaretur
959 3989 972 4020 e
992 3973 1069 4038 Lipsii
1086 3976 1225 4034 conjectura

160 4059 197 4095 cst
216 4052 423 4100 accuratissimum
440 4053 509 4101 illum
527 4052 672 4118 scriptorem
717 4054 834 4102 tumulum
847 4053 951 4102 hostium
965 4053 990 4100 in
1004 4065 1139 4115 conspectu.
1153 4054 1199 4100 Eu.-

1018 4144 1026 4172 l

1319 2367 1329 2394 b
