2782 4568
398 311 463 378 DE
488 307 745 387 TRANSITU
773 303 975 372 ALPIUM.
1147 300 1211 373 511

157 434 245 494 tanes
267 445 297 492 et
317 425 475 517 conquetas
498 427 551 490 des
566 428 720 514 Franpais
729 475 739 507 ,
758 440 832 490 tom.
848 425 880 507 l,
900 424 1019 487 cahiers
1032 423 1072 503 6,
1096 447 1114 511 7
1134 441 1166 488 et
1185 425 1215 488 8.

160 534 258 595 l‘aris.
275 534 312 594 C.
325 532 360 593 L.
375 531 411 591 F.
427 527 641 592 Pauclouclce.
1016 599 1017 602 Ἴ

205 631 296 695 1818.
315 631 344 694 J.
366 632 407 692 Α.
427 627 538 693 Delus.
558 630 598 692 In
618 628 682 692 hoc
697 627 840 714 denique
851 649 934 715 opus
947 625 1139 708 incidimus,
1152 649 1219 714 quo

158 732 344 796 Hannibalis
366 732 443 813 iter,
462 730 596 818 caligine
615 730 772 794 hactenus
793 743 826 791 et
846 727 986 791 tenebris
1008 750 1087 815 quas
1107 728 1221 815 viginti

157 834 348 901 saeculorum
358 832 503 896 doctrina
516 847 550 895 et
563 829 703 894 eruditio
715 830 844 894 vincere
854 828 1079 915 nequiverunt,
1091 828 1220 891 involu-

158 950 245 1013 tum,
260 933 485 997 controversiis
500 949 608 996 tamen
626 931 738 995 tritum
758 951 886 1017 semper
903 928 1068 1011 redivivis,
1083 945 1132 993 tot
1146 929 1222 993 scri·

157 1050 288 1122 ptorum
312 1034 594 1098 lucubrationibus
621 1033 816 1112 exercitum,
842 1030 969 1119 speciali
994 1029 1124 1094 tandem
1145 1054 1222 1095 cura

159 1151 322 1216 tractatur,
338 1135 647 1222 atqueamplissimis·
655 1135 849 1213 illustratum
860 1132 1124 1220 explicationibus
1135 1153 1221 1196 novo

158 1236 280 1299 lumine
294 1236 513 1323 distinguitur.

197 1338 304 1417 ,Cujus
321 1338 426 1425 operis
441 1355 564 1419 auctor,
578 1336 740 1421 Londini‚
759 1359 845 1400 anno
867 1331 965 1423 1795,
985 1351 1220 1412 commoratus,

160 1436 303 1501 nobiliss.
327 1436 463 1501 Meloille
489 1434 660 1524 colloquiis
684 1437 748 1501 frui
775 1437 902 1527 potuit,
930 1451 961 1500 et
986 1436 1143 1524 quidquid
1168 1437 1222 1500 hic

159 1560 245 1600 anno
267 1536 347 1624 1775
365 1538 463 1627 Alpes
479 1539 675 1626 perlustrans
696 1539 805 1601 animo
829 1538 1019 1625 collegerat,
1038 1538 1105 1624 ipse
1125 1536 1223 1600 edidi-

88 1708 90 1712 *
160 1640 214 1720 cit,
229 1639 410 1726 partimque
424 1639 509 1703 notis
519 1639 742 1727 manuscriptis
755 1637 900 1725 quasipsi
909 1636 1040 1700 tradidit
1051 1636 1099 1700 vir
1110 1636 1225 1722 doctis·¹

160 1739 393 1827 simus,partim
408 1738 552 1818 ejusdem
565 1739 769 1804 sermonibus
783 1739 898 1818 victus,
913 1737 1100 1825 opinionem
1115 1760 1222 1800 veram

160 1838 291 1902 tandem
309 1861 343 1902 se
359 1857 569 1927 ¹assequutum
585 1840 786 1904 existimavit.
805 1839 842 1902 Ei
856 1856 964 1902 tamen
979 1842 1152 1926 antequam
1164 1831 1222 1902 adss

161 1941 312 2020 haereret,
341 1939 409 2027 ipse
434 1941 644 2027 quaestionem
670 1941 766 2006 tantis
790 1941 1015 2004 controversiis
1034 1940 1222 2027 impeditam

160 2040 346 2128 perpendit,
365 2042 492 2130 Polybii
511 2059 636 2107 textum
656 2043 795 2107 contulit
813 2064 888 2105 cum
903 2043 1035 2129 optimis
1058 2041 1128 2122 ejus
1152 2064 1223 2105 ver·

161 2142 323 2222 sionibus,
343 2141 601 2231 splendidissime
619 2144 736 2231 scripta
754 2142 794 2205 de
813 2159 931 2207 eventu
944 2159 1008 2205 tam
1023 2142 1223 2218 memorabili

160 2243 311 2331 perlegit,
325 2245 390 2307 vias
405 2267 423 2307 a
443 2245 596 2308 Romanis
611 2268 669 2332 per
683 2230 779 2332 Alpes
798 2243 940 2307 munitas
953 2241 1164 2331 dignavit,et
1173 2243 1223 2305 lo-

161 2366 281 2417 corum,
292 2343 457 2422 distantias
477 2346 511 2408 in
528 2346 727 2435 optimorum
746 2344 1014 2433 Geographorum
1039 2342 1155 2406 tabulis
1172 2343 1224 2407 ‹li-

144 2467 309 2525 mensus,
330 2469 381 2509 eas
400 2469 475 2509 cum
489 2447 648 2510 mensuris
659 2470 677 2510 a
688 2445 827 2535 Polybio
846 2443 999 2509 adhibitis
1016 2446 1223 2533 comparavit.

206 2546 292 2607 Duas
312 2546 472 2632 inpartcs
494 2548 639 2635 apprime
659 2547 824 2610 distinctas
846 2545 946 2609 dividi
973 2561 1080 2633 potest
1104 2545 1222 2612 clariss.

162 2645 258 2709 Delus
273 2668 374 2734 opus,
391 2648 436 2710 sic
456 2647 647 2736 inscriptum
665 2671 673 2712 :
693 2649 827 2712 Histoire
845 2648 890 2712 du
902 2670 1036 2735 passage
1053 2647 1107 2709 des
1127 2648 1226 2736 Alpes

154 2770 221 2833 par
241 2748 393 2812 Annibal.
420 2749 524 2813 Priori
540 2766 630 2837 parte
645 2748 791 2831 disserit,
810 2772 907 2837 quam
925 2748 1086 2813 Hannibal
1102 2748 1186 2812 viam
1204 2770 1222 2813 a

160 2848 321 2936 Pyraeneis
340 2849 380 2913 ad
398 2851 594 2915 Rhodanum
615 2868 773 2938 sequutus
791 2850 909 2932 fuerit,
929 2872 995 2938 quo
1013 2850 1085 2914 loco
1099 2848 1222 2914 llumen

162 2948 342 3031 trajecerit,
374 2969 533 3038 quantum
561 2953 655 3042 spatii
678 2952 799 3016 abhinc
821 2952 862 3016 ad
886 2952 1156 3038 Insulam-usquc
1182 2953 1225 3014 sit

162 3072 330 3132 emensus,
347 3051 416 3116 haec
425 3054 494 3141 ipsa
505 3054 595 3142 regio
608 3054 666 3118 ubi
679 3054 739 3118 sita
752 3055 809 3136 sits,
824 3054 965 3141 denique
977 3076 1116 3140 quanam
1129 3076 1224 3119 mon·

161 3166 208 3214 tes
233 3152 385 3217 fabulosae
409 3155 587 3219 altitudinis
609 3155 852 3219 transcenderit.
881 3154 954 3236 Qua
980 3153 1015 3217 in
1045 3171 1135 3242 parte
1162 3177 1224 3217 nec

161 3273 297 3316 acumen
313 3250 417 3336 certe,
434 3278 494 3318 nec
511 3254 592 3319 ordo
612 3254 739 3319 lucidus
757 3254 1014 3319 desiderabitur:
1031 3253 1114 3318 adde
1133 3253 1222 3342 quod

161 3354 298 3438 praecisis
316 3355 441 3445 Polybii
458 3356 564 3420 verbis
582 3373 649 3420 tota
667 3356 792 3422 nititur.
810 3347 916 3420 Altera
934 3378 1011 3420 vero
1027 3376 1100 3442 pars
1116 3355 1222 3419 omnis

164 3453 195 3512 in
216 3477 255 3517 eo
268 3472 422 3538 versatur,
442 3473 480 3520 ut
495 3457 661 3544 quomodo
680 3481 795 3546 agmen
813 3458 979 3522 incesserit
994 3457 1036 3520 ab
1054 3457 1163 3520 lnsula
1181 3456 1222 3523 acl

163 3555 364 3619 Centronnm
376 3558 481 3622 fauces
491 3607 500 3640 ,
510 3575 655 3624 accurate
666 3575 700 3624 et
709 3560 893 3624 minutatim
904 3561 1093 3625 innotescat.
1110 3560 1222 3642 Quum

162 3671 270 3716 aretem
288 3656 442 3744 Polybius
457 3659 522 3722 huc
537 3659 726 3747 paucissima
742 3661 871 3744 afferat,
889 3683 996 3748 neque
1017 3660 1114 3723 ullam
1128 3661 1221 3743 ,loco-

163 3777 237 3817 rum
254 3753 508 3843 designationem
529 3760 733 3848 interponat,
755 3762 836 3827 nihil
858 3761 988 3839 firmum
1011 3778 1043 3824 et
1058 3760 1221 3841 indubitae

163 3871 234 3918 tum
255 3879 366 3920 recens
385 3859 523 3945 scriptor
541 3862 686 3935 emittere
704 3879 827 3952 potest3
851 3864 1041 3951 omniaque,
1061 3879 1145 3928 certa
1163 3886 1221 3928 au·

165 3957 321 4047 ctoritate¹
335 3957 526 4042 destitutus,
547 3981 646 4049 prout
667 3964 765 4046 libet,
785 3965 943 4045 instituit,
964 3964 1048 4032 etin
1072 3962 1220 4027 ordinem
