2782 4568
124 420 126 424 Ι
185 304 310 421 ῧςὲςςςξς
349 330 534 417 7υοοο
559 330 714 396 xxm.
743 329 847 396 air.
876 330 1038 398 xxxv.
1147 329 1216 425 339

159 445 379 516 Vulturnum
394 446 547 534 flumen,
566 450 659 517 circa
672 450 857 518 Liternum
871 463 985 518 castra
1000 452 1129 545 posuit.
1146 452 1216 542 Ibi,

158 556 245 650 quia
261 557 374 627 otiosa
392 559 516 627 stativa
531 574 650 646 erant,
663 559 791 629 crebro
810 554 999 631 decurrere
1017 562 1147 632 milites
1161 588 1218 633 co-

160 662 303 761 gebat³,
317 669 511 749 uttirones
531 669 594 762 (ea
611 672 764 739 maxima
788 695 870 766 pars
893 670 1093 741 volonuml
1119 673 1218 769 erat)

158 791 405 846 assuescerent
421 777 520 872 signa
534 781 656 873 sequi,
674 793 710 849 et
726 781 763 848 in
778 781 851 849 acie
865 780 1219 875 agnoscereordines

158 909 252 956 suos.
275 890 373 956 Inter
392 911 471 982 quae
487 891 641 957 maxima
657 889 773 958 inerat
787 914 872 959 cura
891 888 972 959 duci
984 887 1010 982 ἦ
1029 893 1149 985 itaque
1170 891 1218 962 le·

159 996 250 1092 'gatis
266 994 494 1092 tribunisque
510 1012 745 1095 praeceperat,
760 1024 805 1066 ne
822 1024 895 1094 qua
908 1000 1136 1094 exprobratio
1151 1007 1220 1070 cui-

160 1114 268 1201 quam
278 1109 571 1196 veterisfortunae
587 1106 802 1178 discordiam
819 1113 910 1177 inter
921 1112 1060 1178 ordines
1073 1126 1217 1180 sereret:

159 1231 258 1285 vetus
272 1214 373 1286 miles
388 1222 512 1300 tironi,
532 1216 623 1286 liber
637 1217 762 1288 uoloni
776 1242 851 1289 sese
868 1224 1056 1314 eamquari
1070 1226 1218 1290 sineret:

160 1348 285 1394 omnes
309 1333 396 1396 satis
419 1327 582 1397 honestas
603 1352 861 1424 generososque
883 1331 1071 1414 ducerent,
1094 1330 1221 1424 quibus

160 1461 262 1505 anna
272 1461 339 1507 sua
348 1442 520 1534 signaque
526 1442 686 1535 populus
698 1465 868 1511 romanus
880 1446 1111 1510 commisisset.
1132 1441 1222 1528 Once

147 1545 306 1633 frrrtuna
319 1552 483 1640 coegisset
495 1549 634 1639 itafierr'
639 1603 649 1634 ,
661 1549 822 1618 eamdem
837 1574 961 1639 cogere
973 1551 1220 1638 tuerifacturn.

159 1658 209 1725 Ea
227 1680 303 1725 uon
318 1657 452 1751 majore
470 1681 554 1728 cura
570 1674 746 1756 praecepta
760 1658 805 1728 ab
824 1659 977 1730 ducibus
993 1675 1094 1747 sunt,
1111 1682 1222 1754 quam

160 1788 181 1834 a
199 1764 372 1837 militibus
391 1766 599 1851 observata,
621 1767 795 1864 brevique
815 1782 912 1837 tanta
930 1767 1123 1838 concordia
1140 1793 1222 1838 coa·

160 1872 302 1945 lueraut
316 1878 482 1949 omnium
496 1879 604 1946 animi
612 1875 640 1965 ⁶,
655 1893 694 1946 ut
707 1900 821 1974 prope
836 1879 873 1945 in
888 1876 1108 1948 oblivionem
1121 1879 1221 1948 veni-

158 1999 233 2073 ret,
247 2009 319 2081 qua
334 2010 377 2055 ex
391 1985 600 2056 conditione
613 1989 766 2083 quisque
779 2001 869 2056 esset
884 1985 985 2056 miles
1000 1984 1123 2057 sactus.
1140 1992 1222 2056 Haec

160 2097 280 2192 agenti
297 2095 460 2167 Graccho
476 2094 582 2193 legati
596 2097 739 2166 cumani
753 2096 984 2183 nuntiarunt,
999 2119 1080 2189 quae
1091 2119 1110 2164 a
1121 2099 1222 2165 Cam·

159 2343 194 2376 sc.
208 2328 325 2376 exercitui
337 2343 398 2386 suo;
411 2329 496 2376 confer
508 2327 540 2374 ad
553 2344 606 2393 cap.
620 2329 668 2386 3ο,

158 2423 185 2454 n.
195 2407 220 2454 6.
233 2433 269 2442 -·
280 2407 402 2454 Liternum
407 2426 418 2464 ,·
429 2408 480 2457 vid.
495 2423 567 2471 supra
580 2407 612 2456 ad
624 2406 667 2454 lib.

159 2486 251 2544 XXII,
264 2488 307 2541 16,
318 2493 377 2539 nt.

196 2563 219 2609 3.
229 2564 316 2610 Crebro
325 2562 451 2609 decurrere
459 2564 544 2611 milites
553 2564 665 2628 cogebat,

160 2651 188 2687 ut
207 2640 311 2704 legiones
333 2640 464 2687 decurrunt
478 2642 502 2688 in
522 2642 609 2698 armis,
623 2641 667 2688 lib·

108 2709 113 2715 ’
160 2720 270 2777 XXXV,
283 2735 305 2764 c.
316 2718 363 2774 35,
376 2734 401 2765 n.
412 2720 439 2776 3,
451 2719 478 2779 7Ιο.
488 2737 510 2767 e.
521 2731 630 2776 armatae,
641 2731 668 2767 ut

160 2797 184 2847 lt
201 2797 282 2854 ὅπλοις
294 2815 341 2862 pro
355 2797 463 2853 ἔνοπλοι,
479 2796 594 2844 sthefter.
608 2800 668 2844 Haec

160 2886 198 2926 est
206 2875 317 2922 decursio
327 2875 480 2939 campestris,
494 2876 666 2939 campicursio,

161 2952 293 3010 decursus,
308 2954 334 3002 h.
344 2970 365 3001 e.
378 2969 509 3000 concursus
519 2953 623 3000 militum
637 2953 668 3000 ad

160 3031 313 3080 simulacrum
321 3047 423 3095 pugnae,
435 3042 459 3079 et
468 3032 581 3078 incursus
592 3032 618 3078 in
627 3032 668 3078 ho·

160 3124 222 3166 stes,
231 3111 270 3158 vel
283 3127 367 3159 cursus
380 3111 490 3158 inarmis
503 3110 668 3176 (pyrrhichii),

83 3240 92 3257 ,
114 3178 117 3183 ¹
160 3203 185 3242 et
197 3191 338 3239 exercitatio
351 3202 402 3238 tum
414 3190 440 3236 in
453 3190 525 3236 armis
537 3190 669 3238 tractandis

160 3270 350 3333 movendisque,
370 3282 421 3316 tum
438 3270 561 3335 pracipue
577 3270 603 3317 iu
618 3269 670 3332 agi-

160 3350 241 3397 tandis
256 3349 416 3414 corporibus,
433 3350 459 3397 in
477 3349 628 3405 incedendo,
642 3350 669 3396 in

162 3428 237 3490 gradu
251 3429 361 3486 militari,
375 3430 400 3474 in
413 3428 542 3476 currendo.
556 3427 670 3475 contar

130 3531 132 3535 π
161 3507 258 3562 XXIV,
271 3508 315 3564 483
327 3509 427 3566 XXVI,
442 3507 604 3566 513XXIX,
620 3522 668 3566 ²²3

161 3586 270 3641 XXXV,
285 3585 330 3642 353
341 3586 397 3642 XL,
408 3587 437 3644 6,
450 3603 474 3646 7,
486 3603 515 3648 9,
528 3594 574 3646 473
585 3588 666 3644 XLII,

162 3664 207 3722 ⁵23
219 3665 309 3720 XLIV,
323 3678 347 3724 9.
360 3663 414 3711 Alia
426 3665 550 3721 deaurato,
560 3682 593 3712 sc.
604 3666 668 3713 circa

160 3759 246 3806 rogum
256 3742 405 3790 tumulumve
416 3741 585 3791 defunctorum
594 3744 668 3807 Impe-

161 3833 282 3880 ratorum,
296 3832 443 3868 memoratur
455 3821 517 3868 infra
526 3823 614 3882 XXV,
627 3838 666 3883 17.

161 3898 199 3945 De
213 3910 314 3960 utraque
325 3897 357 3945 ad
368 3901 425 3945 Tac.
437 3900 503 3949 Anu.
514 3903 546 3957 II,
557 3916 581 3960 7,
593 3917 617 3948 n.
626 3901 650 3949 5,

198 3983 222 4031 4.
231 3979 271 4022 Ea
283 3977 392 4024 maxima
397 3994 459 4041 pars
470 3980 586 4026 uolonum
599 3979 669 4045 (vide

161 4052 193 4107 ad
206 4056 295 4115 XXII,
308 4055 350 4118 57,
361 4072 387 4106 u.
400 4055 441 4122 ra)
453 4069 508 4107 arat
519 4055 601 4124 (conf.
611 4074 667 4123 cap.

714 2323 774 2389 32),
789 2341 834 2389 pro
848 2340 854 2373 :
869 2340 952 2372 eorum
968 2323 1078 2372 maxima
1089 2341 1164 2387 pars,
1182 2325 1223 2373 vel

712 2404 732 2452 ii
751 2405 886 2452 maximam
901 2416 1000 2468 partem
1021 2405 1121 2451 volones
1144 2416 1221 2451 erant.

712 2484 784 2533 conf.
798 2484 830 2530 'ud
840 2475 935 2541 XXIV,
953 2483 998 2543 16,
1011 2499 1036 2531 u.
1051 2484 1078 2540 3,
1093 2493 1118 2530 et
1130 2483 1221 2530 Justiu.

711 2562 744 2622 V,
757 2579 787 2610 10
797 2579 835 2627 pr.

748 2643 772 2688 5.
787 2644 855 2688 Inter
870 2657 924 2704 qna’
937 2639 1047 2687 rnaainra
1066 2639 1144 2687 inerat
1162 2656 1222 2688 cura

711 2720 781 2777 duci,
799 2721 890 2767 interea
908 2720 988 2766 omnis
1007 2720 1057 2772 fere
1076 2736 1132 2767 cura
1152 2719 1222 2766 ducis

711 2796 851 2845 versabatur
862 2799 888 2843 in
901 2798 949 2844 hoc
970 2797 1079 2861 (itaque,
1095 2808 1118 2844 et
1132 2799 1181 2855 ita,
1193 2808 1222 2844 ut

711 2879 762 2935 III,
779 2879 823 2935 3ο,
834 2894 859 2925 n.
872 2879 900 2935 3,
910 2877 935 2924 h.
947 2894 968 2923 e.
979 2889 1006 2923 ut
1017 2877 1083 2923 idem
1096 2887 1221 2935 curarent,

712 2955 797 3019 legatis
822 2940 969 3017 tribunisque
988 2952 1170 3017 praeceperat),
1192 2969 1222 2998 ne

711 3031 823 3096 (utnon)
839 3033 924 3095 aliqua
937 3032 1093 3095 exprobratio
1107 3031 1222 3094 cuiquam

711 3112 774 3159 facta
796 3108 867 3175 (nam
885 3110 982 3157 verbale
1000 3125 1089 3157 nomen
1107 3125 1222 3155 nonnun—

712 3206 784 3254 quam
797 3191 860 3253 regit
871 3205 952 3236 casum
963 3189 1046 3247 verbi,
1060 3188 1126 3251 quod
1142 3189 1220 3238 Gron.

713 3269 830 3334 exemplis
850 3265 971 3332 finnavit)
992 3267 1080 3314 ueteris
1092 3267 1219 3332 fortunae,

712 3347 862 3396 conditionis
874 3347 980 3404 servilis,
997 3345 1144 3392 discordiam
1160 3346 1222 3392 inter

713 3424 820 3482 ordines,
834 3441 920 3489 genera
931 3425 1036 3471 militum
1045 3424 1151 3481 diversa,
1161 3439 1221 3470 sere·

713 3514 763 3563 ret,·
776 3519 804 3555 ut
821 3505 903 3571 (quod
913 3505 971 3552 latet
982 3505 1008 3550 in
1022 3509 1057 3572 τῷ
1071 3519 1113 3560 ne,
1127 3503 1219 3565 dequo

713 3586 744 3632 cf.
754 3585 785 3632 ad
796 3588 821 3642 Ι,
832 3586 877 3643 33,
886 3601 911 3630 n.
924 3581 955 3646 7)
968 3594 1037 3630 vetris
1053 3581 1119 3628 miles
1131 3581 1216 3636 tironi,

712 3665 772 3712 liber
783 3663 870 3710 voloni
880 3663 940 3728 (vid.
951 3663 981 3710 ad
993 3662 1081 3718 XXII,
1094 3660 1167 3719 57,n.
1176 3655 1219 3722 12)

711 3759 761 3790 sese
772 3743 901 3806 exaequari
907 3742 1008 3797 sineret,
1022 3751 1046 3787 et
1055 3755 1147 3794 omnes,
1158 3753 1218 3785 cuu-

712 3823 759 3875 cti.
777 3838 818 3869 eos
837 3821 897 3868 satis
919 3819 1029 3867 honestos
1044 3831 1219 3882 genuosasque

712 3901 838 3956 ducerent,
852 3911 898 3948 etc.

747 3982 772 4028 6.
788 3978 924 4026 Concordia
937 3978 1082 4025 coaluerant
1091 3973 1169 4023 animi
1171 3992 1182 4032 ;
1193 3991 1217 4021 v.

712 4058 778 4121 adl,
790 4072 863 4117 11,u.
874 4072 897 4104 a.

1028 4165 1090 4209 22.
