2782 4568
186 336 315 438 35:335
345 358 439 447 nia.
466 357 606 424 xxiv.
635 355 1096 427 CAP.XXX1.XXXII.
1147 356 1217 443 435

110 507 114 519 ·
159 479 297 550 reditus
317 476 552 575 praeciderent
568 474 657 563 sibi,
676 489 712 545 et
727 501 841 572 quum
857 477 954 573 ipsos
968 478 1074 549 simul
1087 479 1219 552 milites

159 589 252 661 fidos
270 588 461 674 haberent,
482 587 587 657 simul
604 584 769 674 obsides,
786 601 865 657 tum
880 603 1052 684 cognatos
1070 613 1220 685 quoque

161 724 289 772 eornm
310 713 418 795 atque
443 699 576 768 amicos
597 711 696 767 tanto
721 700 849 768 merito
867 700 1043 794 primum,
1065 700 1147 770 dein
1164 703 1221 798 pi·

161 833 274 906 gnore
298 806 367 878 sibi
386 807 620 898 conciliarent
642 832 649 874 :
673 808 904 904 expertique,
922 833 1030 904 quam
1053 834 1141 880 vana
1158 825 1221 882 aut

159 919 228 991 levi
247 944 332 988 aura
349 915 483 988 mobile
502 913 656 1014 vulgus⁶
674 931 784 1004 esset,
801 917 952 987 militem
971 921 1093 988 nancti
1113 945 1157 990 ex
1177 945 1220 990 eo

158 1053 333 1115 numero,
347 1029 420 1124 qui
438 1028 476 1096 in
498 1027 686 1098 Leontinis
709 1028 930 1098 circumsessi
949 1042 1070 1114 erant,
1092 1028 1220 1100 subor-

159 1153 265 1226 nant,
277 1152 328 1207 ·ut
348 1141 537 1233 Syracusas
559 1135 734 1233 perferret
756 1137 927 1207 nuntium
945 1139 1221 1209 convenientem

160 1249 226 1334 eis,
245 1273 326 1344 quae
346 1247 392 1316 ad
409 1239 542 1342 Mylam
562 1245 650 1316 falso
669 1246 857 1316 nuntiata7
877 1260 999 1350 erant;
1019 1263 1220 1319 auctorem-

160 1381 232 1451 que
248 1381 297 1425 ‘se
317 1353 540 1444 exhibend0,
567 1379 608 1426 ac
628 1353 727 1425 vdut
747 1356 840 1442 visa,
866 1380 946 1452 quae
971 1355 1081 1428 dubia
1099 1356 1221 1447 erant,

108 1459 113 1466 ’
160 1463 361 1552 narrando,
381 1465 577 1535 concitaret
595 1466 664 1534 iras
681 1465 887 1556 hominum,
1025 1524 1028 1528 a

208 1577 350 1644 XXXII.
365 1576 457 1644 Huic
470 1599 547 1644 non
561 1572 658 1672 apud
670 1574 817 1671 vulgum
832 1575 943 1646 modo
956 1574 1046 1648 fides
1060 1577 1145 1663 fuit,
1159 1577 1222 1650 sed

161 1700 325 1755 senatum
346 1709 493 1782 quoque
512 1687 551 1754 in
573 1685 709 1754 curiam
727 1685 957 1757 introductus
975 1690 1097 1758 movit.
1118 1687 1223 1759 Haud

157 1795 244 1863 vani
257 1786 412 1889 quidam
421 1793 606 1865 homines1
625 1795 741 1892 palam
753 1793 846 1866 ferre
855 1851 865 1884 ,
872 1797 1035 1894 perbene
1048 1798 1222 1868 detectam

162 1905 198 1969 in
216 1905 396 1972 Leontim's
418 1927 493 1973 esse
514 1909 703 1997 avaritiam
723 1921 760 1975 et
775 1906 1020 1977 crudelitatem
1037 1912 1223 1978 Romano·
1289 1979 1292 1987 ,

161 2036 252 2082 rum.
280 2013 445 2100 Eadem,
471 2020 505 2084 si
529 2020 720 2087 intrassent
741 2020 956 2109 Syracusas,
986 2033 1051 2087 aut
1058 2019 1224 2108 faciliora

161 2128 286 2210 etiam,
305 2149 379 2221 qua
397 2128 515 2221 majus
533 2126 586 2195 ibi
602 2133 764 2199 avaritiae
768 2133 966 2223 praemium
985 2144 1090 2214 esset,
1098 2130 1224 2218 factu-

158 2237 356 2325 rosfuisse.
379 2239 506 2332 Itaque
528 2236 745 2308 claudendas
764 2238 884 2308 cuncti
907 2252 1026 2335 portas
1046 2251 1081 2308 et
1100 2252 1223 2308 custo-

127 2365 128 2368 ’
161 2343 329 2415 diendam
354 2346 483 2418 urbem
505 2372 653 2419 censere
674 2375 683 2418 ε
704 2347 767 2419 sed
788 2371 862 2419 non
882 2345 927 2416 ab
946 2347 1078 2418 eisdem
1099 2371 1225 2420 omnes

161 2455 309 2543 timere,
328 2481 396 2527 nec
410 2458 557 2528 eosdem
573 2457 711 2530 odisse:
729 2457 775 2528 ad
793 2445 944 2529 militare
961 2482 1075 2554 genus
1086 2469 1100 2498 ²
1116 2483 1224 2529 omne

162 2579 375 2662 partemque
388 2591 553 2663 magnam
569 2568 685 2664 plebis
697 2570 853 2640 invisum
867 2593 943 2640 esse
961 2580 1098 2639 nomen'
1112 2593 1224 2639 roma·
1270 2644 1273 2648 Α

163 2699 264 2743 ιιιιιιι.
284 2664 465 2747 Praetores
478 2679 780 2775 optimatiumque
791 2681 923 2775 pauci,
941 2703 1151 2775 quanquam
1168 2681 1227 2749 in-2

163 2781 237 2854 flati
250 2810 344 2855 vano
357 2787 488 2856 nuntio
508 2801 625 2886 erant,
639 2801 760 2856 tamen
776 2786 821 2857 ad
836 2792 986 2886 propius
1001 2791 1225 2884 praesentius-

164 2918 236 2990 que
247 2896 381 2964 malum
393 2897 571 2965 cautiores
581 2919 667 2966 esse.
682 2900 727 2966 Et
737 2897 812 2990 jam
826 2896 872 2966 ad
882 2896 1106 2991 Hexapylum
1121 2911 1225 2966 erant

807 3013 819 3039 l

130 3117 133 3126 ,
200 3070 225 3116 6.
244 3072 315 3116 Vana
328 3069 430 3118 autleni
442 3085 506 3116 aura
519 3071 605 3118 mobile
618 3071 672 3117 vul·
715 3076 719 3082 ’
752 3086 776 3117 a.
792 3069 836 3116 Ad
850 3069 955 3116 militare
969 3064 1142 3134 genusamne,
1161 3069 1227 3134 apud

160 3164 223 3212 gru,-
234 3149 289 3195 vide
298 3149 328 3196 ad
336 3152 386 3207 111,
400 3150 445 3208 33,
456 3164 482 3195 n.
493 3165 518 3195 2.
527 3172 562 3186 -
570 3149 673 3197 Militem
715 3148 804 3196 milites
818 3149 857 3195 vel
869 3147 987 3195 militibus
1003 3150 1176 3210 cujuscumque
1187 3165 1227 3211 ge·

164 3228 262 3286 leonatis
275 3228 332 3275 vide
343 3228 374 3275 ad
385 3229 418 3286 V,
430 3227 472 3284 45,
483 3244 509 3274 n.
520 3243 540 3276 1.
716 3227 924 3294 neria-Inflati
932 3243 1013 3282 vano,
1024 3227 1084 3274 falso
1097 3226 1140 3289 (cf.
1154 3245 1179 3274 ιι.
1190 3225 1226 3292 1),

201 3323 224 3365 7.
241 3306 283 3353 Ad
292 3305 672 3372 dirlamfalsonantiatauidn
716 3306 817 3362 nantia,
831 3306 856 3354 h.
871 3322 892 3352 e.
908 3305 1228 3364 ailensi,irati,iraaccen·
1271 3321 1274 3327 ·

165 3399 218 3449 cap.
230 3387 262 3434 30
273 3403 310 3450 pr.
717 3387 750 3444 si,
760 3397 792 3432 ut
804 3384 870 3450 apud
883 3373 935 3431 Cic.
944 3385 1016 3430 Tusa.
1029 3386 1120 3445 Quaest.
1135 3388 1183 3441 111,
1198 3401 1227 3446 9,

201 3463 262 3512 Car.
278 3466 389 3514 XXXII.
410 3481 432 3512 1.
449 3464 528 3512 Haud
539 3463 605 3511 vani
620 3463 674 3526 qui·
717 3463 812 3512 animus
824 3464 860 3515 ira
874 3462 984 3530 itrflatm,
997 3474 1101 3518 tumens,
1113 3473 1137 3509 et
1149 3473 1227 3526 turga-

166 3543 225 3590 dam
242 3542 364 3599 hominen,-
380 3543 438 3591 vide
455 3543 486 3590 ad
502 3546 529 3602 1,
544 3545 590 3601 16,
609 3558 634 3590 ιι.
650 3558 674 3602 7.
717 3559 784 3590 scens
805 3542 888 3606 (conf.
905 3542 937 3589 ad
950 3544 1052 3600 XXXI,
1070 3543 1098 3597 8,
1116 3541 1225 3604 n.10):

169 3620 234 3667 Vani
246 3620 373 3679 dicuntur,
392 3622 435 3686 qui
446 3623 486 3669 vel
502 3621 548 3668 sibi
567 3622 607 3669 vel
622 3621 675 3668 eliis
718 3622 765 3668 nisi
779 3637 810 3668 ex
821 3621 916 3669 emend.
926 3624 1003 3669 Gron.
1012 3619 1225 3686 legdeflummad,

167 3715 249 3755 vana,
265 3700 346 3764 inania
358 3710 400 3747 aut
410 3700 482 3759 falsa,
495 3701 540 3748 etsi
552 3702 672 3764 speciosa,
717 3700 785 3763 quod
798 3716 910 3764 recepere
927 3699 1015 3755 brak„
1029 3700 1087 3746 Ern.
1099 3710 1123 3746 et
1134 3699 1226 3746 Stroth.

166 3777 314 3843 persuadent
327 3795 370 3825 seu
379 3779 523 3842 persuadere
532 3780 620 3827 solent.
632 3781 672 3828 cf.
704 3806 705 3810 =
717 3781 755 3829 De
765 3780 867 3836 nuntio,
877 3779 920 3841 qui
929 3779 975 3824 iras
987 3780 1192 3842 Syracusanorum
1201 3778 1228 3824 in

168 3873 193 3904 n.
202 3874 226 3914 a,
238 3857 301 3905 etad
313 3860 338 3914 1,
353 3859 377 3916 8,
388 3873 415 3904 n.
427 3858 454 3915 33
464 3858 526 3908 Geli.
536 3859 635 3917 XVIII,
645 3865 675 3916 4,
718 3859 842 3905 Romanos
856 3857 1034 3912 concitaverat,
1046 3867 1121 3918 utque
1131 3856 1157 3903 id
1166 3857 1228 3904 sace·

168 3935 251 3997 ibique
268 3935 348 3999 intpp.
369 3961 405 3972 -
422 3936 527 3982 Perbene
545 3948 570 3984 et
588 3953 631 4000 per
650 3953 675 3986 se
718 3949 768 3994 ret,
782 3948 832 3984 erat
841 3935 924 3992 fictus,
937 3935 1003 3983 conf.
1017 3950 1070 3997 cap.
1084 3935 1113 3980 31
1123 3946 1184 3981 extr.
1194 3962 1228 3971 —-

168 4029 220 4060 non
233 4030 289 4061 sane
303 4014 430 4078 frequens,
445 4024 470 4061 at
485 4014 527 4060 hic
545 4014 606 4078 sign.
620 4032 676 4081 per·
719 4015 911 4077 Proesentimque
924 4014 1015 4061 italam
1023 4048 1030 4070 ,
1052 4029 1084 4060 sa.
1101 4014 1229 4060 imminens

122 4089 126 4096 '
168 4104 323 4158 opportune,
333 4093 361 4141 in
369 4104 494 4158 temp0m5
503 4093 588 4142 Bauer.
721 4111 734 4142 a
746 4096 827 4159 pruris
838 4092 996 4159 Hippocratis
1008 4103 1033 4140 et
1042 4091 1160 4156 Epicydis
1171 4106 1229 4137 eon-

959 4279 963 4285 *
1063 4176 1126 4246 28.
