<?xml version="1.0" encoding="UTF-8"?>
<!DOCTYPE html PUBLIC "-//W3C//DTD XHTML 1.0 Transitional//EN"
    "http://www.w3.org/TR/xhtml1/DTD/xhtml1-transitional.dtd">
<html xmlns="http://www.w3.org/1999/xhtml" xml:lang="en" lang="en">
 <head>
  <title>
</title>
<meta http-equiv="Content-Type" content="text/html;charset=utf-8" />
  <meta name='ocr-system' content='tesseract 3.04.00' />
  <meta name='ocr-capabilities' content='ocr_page ocr_carea ocr_par ocr_line ocrx_word'/>
</head>
<body>
  <div class='ocr_page' id='page_1' title='image "./titusliviuspata06freigoog_0401.png"; bbox 0 0 2782 4568; ppageno 0'>
   <div class='ocr_carea' id='block_1_1' title="bbox 123 332 1234 2320">
    <p class='ocr_par' dir='ltr' id='par_1_1' title="bbox 123 332 1234 2320">
     <span class='ocr_line' id='line_1_1' title="bbox 165 332 1206 436; baseline -0.004 0"><span class='ocrx_word' id='word_1_1' title='bbox 165 336 235 436; x_wconf 81' lang='lat'><strong>396</strong></span> <span class='ocrx_word' id='word_1_2' title='bbox 587 345 625 412; x_wconf 80' lang='lat' dir='ltr'><strong>T·</strong></span> <span class='ocrx_word' id='word_1_3' title='bbox 657 347 795 415; x_wconf 78' lang='lat' dir='ltr'>L1V11</span> <span class='ocrx_word' id='word_1_4' title='bbox 1082 332 1206 432; x_wconf 74' lang='lat' dir='ltr'><strong>atat:</strong></span> 
     </span>
     <span class='ocr_line' id='line_1_2' title="bbox 123 461 1232 563; baseline 0.013 -35"><span class='ocrx_word' id='word_1_5' title='bbox 123 484 128 499; x_wconf 83' lang='lat'><em>·</em></span> <span class='ocrx_word' id='word_1_6' title='bbox 163 484 229 558; x_wconf 92' lang='lat' dir='ltr'><strong>per</strong></span> <span class='ocrx_word' id='word_1_7' title='bbox 246 463 401 557; x_wconf 90' lang='lat' dir='ltr'><strong>speciem</strong></span> <span class='ocrx_word' id='word_1_8' title='bbox 417 461 674 552; x_wconf 60' lang='lat' dir='ltr'><strong>sacrificandiss,</strong></span> <span class='ocrx_word' id='word_1_9' title='bbox 688 491 728 538; x_wconf 92' lang='lat' dir='ltr'><strong>re</strong></span> <span class='ocrx_word' id='word_1_10' title='bbox 742 467 819 563; x_wconf 88' lang='lat' dir='ltr'><strong>ipsa</strong></span> <span class='ocrx_word' id='word_1_11' title='bbox 832 480 873 537; x_wconf 90' lang='lat' dir='ltr'><strong>ut</strong></span> <span class='ocrx_word' id='word_1_12' title='bbox 887 479 1042 539; x_wconf 88' lang='lat' dir='ltr'><strong>tentaret</strong></span> <span class='ocrx_word' id='word_1_13' title='bbox 1056 471 1232 542; x_wconf 85' lang='lat' dir='ltr'><strong>Puteolos</strong></span> 
     </span>
     <span class='ocr_line' id='line_1_3' title="bbox 163 570 1232 679; baseline 0.011 -39"><span class='ocrx_word' id='word_1_14' title='bbox 163 570 338 667; x_wconf 89' lang='lat' dir='ltr'><strong>quodque</strong></span> <span class='ocrx_word' id='word_1_15' title='bbox 352 571 401 642; x_wconf 90' lang='lat' dir='ltr'><strong>ibi</strong></span> <span class='ocrx_word' id='word_1_16' title='bbox 421 574 575 670; x_wconf 83' lang='lat' dir='ltr'><strong>praesidii</strong></span> <span class='ocrx_word' id='word_1_17' title='bbox 590 590 684 662; x_wconf 87' lang='lat' dir='ltr'><strong>erat,</strong></span> <span class='ocrx_word' id='word_1_18' title='bbox 703 577 899 649; x_wconf 88' lang='lat' dir='ltr'><strong>descendit.</strong></span> <span class='ocrx_word' id='word_1_19' title='bbox 915 580 1107 670; x_wconf 85' lang='lat' dir='ltr'>Maximus,</span> <span class='ocrx_word' id='word_1_20' title='bbox 1125 595 1232 679; x_wconf 91' lang='lat' dir='ltr'><strong>post·</strong></span> 
     </span>
     <span class='ocr_line' id='line_1_4' title="bbox 163 681 1232 786; baseline 0.012 -37"><span class='ocrx_word' id='word_1_21' title='bbox 163 705 273 778; x_wconf 89' lang='lat' dir='ltr'><strong>quam</strong></span> <span class='ocrx_word' id='word_1_22' title='bbox 287 681 523 754; x_wconf 88' lang='lat' dir='ltr'><strong>Hannibalem</strong></span> <span class='ocrx_word' id='word_1_23' title='bbox 531 686 635 784; x_wconf 81' lang='lat' dir='ltr'>Arpis</span> <span class='ocrx_word' id='word_1_24' title='bbox 648 686 870 783; x_wconf 86' lang='lat' dir='ltr'><strong>profectum,</strong></span> <span class='ocrx_word' id='word_1_25' title='bbox 883 703 919 759; x_wconf 86' lang='lat' dir='ltr'><strong>et</strong></span> <span class='ocrx_word' id='word_1_26' title='bbox 926 689 1066 786; x_wconf 87' lang='lat' dir='ltr'><strong>regredi</strong></span> <span class='ocrx_word' id='word_1_27' title='bbox 1079 692 1118 760; x_wconf 89' lang='lat' dir='ltr'><strong>in</strong></span> <span class='ocrx_word' id='word_1_28' title='bbox 1129 695 1232 762; x_wconf 89' lang='lat' dir='ltr'><strong>Carn-</strong></span> 
     </span>
     <span class='ocr_line' id='line_1_5' title="bbox 162 793 1230 888; baseline 0.01 -27"><span class='ocrx_word' id='word_1_29' title='bbox 162 793 324 888; x_wconf 88' lang='lat' dir='ltr'><strong>paniam,</strong></span> <span class='ocrx_word' id='word_1_30' title='bbox 340 793 485 864; x_wconf 83' lang='lat' dir='ltr'><strong>allatum</strong></span> <span class='ocrx_word' id='word_1_31' title='bbox 501 810 571 884; x_wconf 87' lang='lat' dir='ltr'><strong>est,</strong></span> <span class='ocrx_word' id='word_1_32' title='bbox 586 820 655 867; x_wconf 92' lang='lat' dir='ltr'><strong>nec</strong></span> <span class='ocrx_word' id='word_1_33' title='bbox 670 796 727 869; x_wconf 91' lang='lat' dir='ltr'><strong>die</strong></span> <span class='ocrx_word' id='word_1_34' title='bbox 748 824 815 870; x_wconf 92' lang='lat' dir='ltr'><strong>nec</strong></span> <span class='ocrx_word' id='word_1_35' title='bbox 831 813 939 870; x_wconf 91' lang='lat' dir='ltr'><strong>nocte</strong></span> <span class='ocrx_word' id='word_1_36' title='bbox 957 801 1162 872; x_wconf 87' lang='lat' dir='ltr'><strong>intermisso</strong></span> <span class='ocrx_word' id='word_1_37' title='bbox 1172 803 1230 872; x_wconf 88' lang='lat' dir='ltr'><strong>iti·</strong></span> 
     </span>
     <span class='ocr_line' id='line_1_6' title="bbox 161 909 1230 998; baseline 0.001 -18"><span class='ocrx_word' id='word_1_38' title='bbox 161 935 271 998; x_wconf 89' lang='lat' dir='ltr'><strong>nere,</strong></span> <span class='ocrx_word' id='word_1_39' title='bbox 286 911 329 982; x_wconf 91' lang='lat' dir='ltr'><strong>ad</strong></span> <span class='ocrx_word' id='word_1_40' title='bbox 345 915 542 984; x_wconf 87' lang='lat' dir='ltr'><strong>exercitum</strong></span> <span class='ocrx_word' id='word_1_41' title='bbox 556 915 669 985; x_wconf 87' lang='lat' dir='ltr'><strong>redit:</strong></span> <span class='ocrx_word' id='word_1_42' title='bbox 686 927 720 983; x_wconf 88' lang='lat' dir='ltr'><strong>et</strong></span> <span class='ocrx_word' id='word_1_43' title='bbox 732 911 783 981; x_wconf 92' lang='lat' dir='ltr'><strong>Ti.</strong></span> <span class='ocrx_word' id='word_1_44' title='bbox 796 910 1002 982; x_wconf 89' lang='lat' dir='ltr'><strong>Gracchum</strong></span> <span class='ocrx_word' id='word_1_45' title='bbox 1010 909 1062 982; x_wconf 81' lang='lat' dir='ltr'><strong>ab</strong></span> <span class='ocrx_word' id='word_1_46' title='bbox 1077 913 1230 984; x_wconf 86' lang='lat' dir='ltr'><strong>Luceria</strong></span> 
     </span>
     <span class='ocr_line' id='line_1_7' title="bbox 163 1021 1231 1122; baseline 0.001 -31"><span class='ocrx_word' id='word_1_47' title='bbox 163 1024 410 1092; x_wconf 85' lang='lat' dir='ltr'><strong>Beneventum</strong></span> <span class='ocrx_word' id='word_1_48' title='bbox 431 1028 551 1122; x_wconf 86' lang='lat' dir='ltr'><strong>copias</strong></span> <span class='ocrx_word' id='word_1_49' title='bbox 575 1024 783 1110; x_wconf 88' lang='lat' dir='ltr'><strong>admovere,</strong></span> <span class='ocrx_word' id='word_1_50' title='bbox 806 1024 851 1112; x_wconf 87' lang='lat' dir='ltr'><strong>Q.</strong></span> <span class='ocrx_word' id='word_1_51' title='bbox 868 1021 1018 1092; x_wconf 86' lang='lat' dir='ltr'><strong>Fabium</strong></span> <span class='ocrx_word' id='word_1_52' title='bbox 1037 1037 1231 1119; x_wconf 75' lang='lat' dir='ltr'><strong>praetorem</strong></span> 
     </span>
     <span class='ocr_line' id='line_1_8' title="bbox 164 1129 1229 1231; baseline 0.004 -31"><span class='ocrx_word' id='word_1_53' title='bbox 164 1132 217 1229; x_wconf 84' lang='lat' dir='ltr'><strong>(is</strong></span> <span class='ocrx_word' id='word_1_54' title='bbox 231 1129 326 1203; x_wconf 85' lang='lat' dir='ltr'><strong>filius</strong></span> <span class='ocrx_word' id='word_1_55' title='bbox 339 1134 495 1206; x_wconf 89' lang='lat' dir='ltr'><strong>consulis</strong></span> <span class='ocrx_word' id='word_1_56' title='bbox 511 1135 608 1231; x_wconf 79' lang='lat' dir='ltr'><strong>erat)</strong></span> <span class='ocrx_word' id='word_1_57' title='bbox 624 1134 810 1207; x_wconf 88' lang='lat' dir='ltr'><strong>Luceriam</strong></span> <span class='ocrx_word' id='word_1_58' title='bbox 822 1134 837 1182; x_wconf 76' lang='lat' dir='ltr'><strong>t</strong></span> <span class='ocrx_word' id='word_1_59' title='bbox 857 1132 1022 1204; x_wconf 83' lang='lat' dir='ltr'>Graccho</span> <span class='ocrx_word' id='word_1_60' title='bbox 1036 1133 1229 1204; x_wconf 82' lang='lat' dir='ltr'><strong>succedere</strong></span> 
     </span>
     <span class='ocr_line' id='line_1_9' title="bbox 162 1240 1229 1342; baseline 0.004 -31"><span class='ocrx_word' id='word_1_61' title='bbox 162 1240 278 1337; x_wconf 83' lang='lat' dir='ltr'><strong>jubet.</strong></span> <span class='ocrx_word' id='word_1_62' title='bbox 290 1249 333 1314; x_wconf 90' lang='lat' dir='ltr'><strong>ln</strong></span> <span class='ocrx_word' id='word_1_63' title='bbox 347 1245 500 1315; x_wconf 88' lang='lat' dir='ltr'><strong>Siciliam</strong></span> <span class='ocrx_word' id='word_1_64' title='bbox 513 1246 641 1318; x_wconf 90' lang='lat' dir='ltr'><strong>eodem</strong></span> <span class='ocrx_word' id='word_1_65' title='bbox 656 1260 819 1342; x_wconf 90' lang='lat' dir='ltr'><strong>tempore</strong></span> <span class='ocrx_word' id='word_1_66' title='bbox 834 1243 908 1313; x_wconf 94' lang='lat' dir='ltr'><strong>duo</strong></span> <span class='ocrx_word' id='word_1_67' title='bbox 922 1259 1094 1341; x_wconf 73' lang='lat' dir='ltr'><strong>praetores</strong></span> <span class='ocrx_word' id='word_1_68' title='bbox 1107 1241 1229 1342; x_wconf 84' lang='lat' dir='ltr'><strong>profe·</strong></span> 
     </span>
     <span class='ocr_line' id='line_1_10' title="bbox 163 1352 1230 1451; baseline 0.003 -30"><span class='ocrx_word' id='word_1_69' title='bbox 163 1352 228 1438; x_wconf 84' lang='lat' dir='ltr'><strong>cti,</strong></span> <span class='ocrx_word' id='word_1_70' title='bbox 241 1357 275 1423; x_wconf 88' lang='grc' dir='ltr'><strong>Ρ.</strong></span> <span class='ocrx_word' id='word_1_71' title='bbox 290 1355 479 1426; x_wconf 89' lang='lat' dir='ltr'><strong>Cornelius</strong></span> <span class='ocrx_word' id='word_1_72' title='bbox 490 1356 536 1427; x_wconf 90' lang='lat' dir='ltr'><strong>ad</strong></span> <span class='ocrx_word' id='word_1_73' title='bbox 547 1357 755 1443; x_wconf 84' lang='lat' dir='ltr'><strong>exercitum,</strong></span> <span class='ocrx_word' id='word_1_74' title='bbox 768 1353 951 1442; x_wconf 83' lang='lat' dir='ltr'>Otacilius,</span> <span class='ocrx_word' id='word_1_75' title='bbox 966 1356 1030 1451; x_wconf 93' lang='lat' dir='ltr'><strong>qui</strong></span> <span class='ocrx_word' id='word_1_76' title='bbox 1043 1355 1230 1425; x_wconf 77' lang='lat' dir='ltr'><strong>maritima</strong></span> 
     </span>
     <span class='ocr_line' id='line_1_11' title="bbox 164 1464 1231 1565; baseline 0.002 -33"><span class='ocrx_word' id='word_1_77' title='bbox 164 1486 235 1532; x_wconf 87' lang='lat' dir='ltr'><strong>orae</strong></span> <span class='ocrx_word' id='word_1_78' title='bbox 252 1465 378 1561; x_wconf 86' lang='lat' dir='ltr'><strong>reique</strong></span> <span class='ocrx_word' id='word_1_79' title='bbox 395 1467 512 1537; x_wconf 91' lang='lat' dir='ltr'><strong>navali</strong></span> <span class='ocrx_word' id='word_1_80' title='bbox 530 1481 719 1565; x_wconf 88' lang='lat' dir='ltr'><strong>praeesset;</strong></span> <span class='ocrx_word' id='word_1_81' title='bbox 742 1479 777 1536; x_wconf 94' lang='lat' dir='ltr'><strong>et</strong></span> <span class='ocrx_word' id='word_1_82' title='bbox 791 1464 909 1534; x_wconf 85' lang='lat' dir='ltr'><strong>caeteri</strong></span> <span class='ocrx_word' id='word_1_83' title='bbox 920 1465 957 1533; x_wconf 94' lang='lat' dir='ltr'><strong>in</strong></span> <span class='ocrx_word' id='word_1_84' title='bbox 974 1488 1055 1534; x_wconf 89' lang='lat' dir='ltr'><strong>suas</strong></span> <span class='ocrx_word' id='word_1_85' title='bbox 1073 1465 1231 1561; x_wconf 92' lang='lat' dir='ltr'><strong>quisque</strong></span> 
     </span>
     <span class='ocr_line' id='line_1_12' title="bbox 163 1574 1231 1675; baseline 0.004 -35"><span class='ocrx_word' id='word_1_86' title='bbox 163 1575 365 1669; x_wconf 86' lang='lat' dir='ltr'><strong>provincias</strong></span> <span class='ocrx_word' id='word_1_87' title='bbox 379 1575 551 1674; x_wconf 84' lang='lat' dir='ltr'><strong>profecti:</strong></span> <span class='ocrx_word' id='word_1_88' title='bbox 565 1592 620 1665; x_wconf 85' lang='lat' dir='ltr'><strong>et,</strong></span> <span class='ocrx_word' id='word_1_89' title='bbox 638 1574 772 1675; x_wconf 90' lang='lat' dir='ltr'><strong>quibus</strong></span> <span class='ocrx_word' id='word_1_90' title='bbox 790 1578 1024 1672; x_wconf 83' lang='lat' dir='ltr'><strong>prorogatum</strong></span> <span class='ocrx_word' id='word_1_91' title='bbox 1037 1575 1231 1673; x_wconf 90' lang='lat' dir='ltr'><strong>imperium</strong></span> 
     </span>
     <span class='ocr_line' id='line_1_13' title="bbox 166 1685 1229 1786; baseline 0.004 -33"><span class='ocrx_word' id='word_1_92' title='bbox 166 1697 254 1768; x_wconf 88' lang='lat' dir='ltr'><strong>erat,</strong></span> <span class='ocrx_word' id='word_1_93' title='bbox 265 1685 419 1775; x_wconf 88' lang='lat' dir='ltr'><strong>easdem,</strong></span> <span class='ocrx_word' id='word_1_94' title='bbox 434 1713 523 1784; x_wconf 92' lang='lat' dir='ltr'><strong>quas</strong></span> <span class='ocrx_word' id='word_1_95' title='bbox 538 1690 659 1786; x_wconf 90' lang='lat' dir='ltr'><strong>priore</strong></span> <span class='ocrx_word' id='word_1_96' title='bbox 674 1711 784 1775; x_wconf 89' lang='lat' dir='ltr'><strong>anno,</strong></span> <span class='ocrx_word' id='word_1_97' title='bbox 797 1688 962 1783; x_wconf 83' lang='lat' dir='ltr'><strong>regiones</strong></span> <span class='ocrx_word' id='word_1_98' title='bbox 976 1685 1229 1758; x_wconf 89' lang='lat' dir='ltr'><strong>obtinuerunt.</strong></span> 
     </span>
     <span class='ocr_line' id='line_1_14' title="bbox 214 1795 1232 1903; baseline 0.002 -38"><span class='ocrx_word' id='word_1_99' title='bbox 214 1798 309 1865; x_wconf 90' lang='lat' dir='ltr'>XIII.</span> <span class='ocrx_word' id='word_1_100' title='bbox 326 1797 377 1866; x_wconf 78' lang='lat' dir='ltr'><strong>Ad</strong></span> <span class='ocrx_word' id='word_1_101' title='bbox 391 1798 645 1903; x_wconf 62' lang='lat' dir='ltr'><strong>Hannibalem,</strong></span> <span class='ocrx_word' id='word_1_102' title='bbox 656 1821 772 1894; x_wconf 88' lang='lat' dir='ltr'><strong>quum</strong></span> <span class='ocrx_word' id='word_1_103' title='bbox 785 1795 830 1867; x_wconf 90' lang='lat' dir='ltr'><strong>ad</strong></span> <span class='ocrx_word' id='word_1_104' title='bbox 842 1797 961 1868; x_wconf 91' lang='lat' dir='ltr'><strong>lacum</strong></span> <span class='ocrx_word' id='word_1_105' title='bbox 974 1798 1106 1868; x_wconf 86' lang='lat' dir='ltr'><strong>Averni</strong></span> <span class='ocrx_word' id='word_1_106' title='bbox 1121 1811 1232 1885; x_wconf 86' lang='lat' dir='ltr'><strong>esset,</strong></span> 
     </span>
     <span class='ocr_line' id='line_1_15' title="bbox 168 1904 1233 2005; baseline 0.006 -35"><span class='ocrx_word' id='word_1_107' title='bbox 168 1904 331 1999; x_wconf 90' lang='lat' dir='ltr'><strong>quinque</strong></span> <span class='ocrx_word' id='word_1_108' title='bbox 345 1906 485 1979; x_wconf 91' lang='lat' dir='ltr'><strong>nobiles</strong></span> <span class='ocrx_word' id='word_1_109' title='bbox 496 1910 647 2003; x_wconf 86' lang='lat' dir='ltr'><strong>juvenes</strong></span> <span class='ocrx_word' id='word_1_110' title='bbox 661 1907 707 1978; x_wconf 87' lang='lat' dir='ltr'><strong>ab</strong></span> <span class='ocrx_word' id='word_1_111' title='bbox 721 1914 875 1979; x_wconf 87' lang='lat' dir='ltr'><strong>Tarento</strong></span> <span class='ocrx_word' id='word_1_112' title='bbox 890 1921 1085 1995; x_wconf 83' lang='lat' dir='ltr'><strong>venerunt,</strong></span> <span class='ocrx_word' id='word_1_113' title='bbox 1099 1908 1233 2005; x_wconf 86' lang='lat' dir='ltr'><strong>partim</strong></span> 
     </span>
     <span class='ocr_line' id='line_1_16' title="bbox 168 2011 1233 2116; baseline 0.005 -34"><span class='ocrx_word' id='word_1_114' title='bbox 168 2011 213 2083; x_wconf 86' lang='lat' dir='ltr'><strong>ad</strong></span> <span class='ocrx_word' id='word_1_115' title='bbox 236 2016 483 2088; x_wconf 87' lang='lat' dir='ltr'><strong>Trasimenum</strong></span> <span class='ocrx_word' id='word_1_116' title='bbox 505 2020 640 2106; x_wconf 89' lang='lat' dir='ltr'><strong>lacum,</strong></span> <span class='ocrx_word' id='word_1_117' title='bbox 660 2019 791 2116; x_wconf 87' lang='lat' dir='ltr'><strong>partim</strong></span> <span class='ocrx_word' id='word_1_118' title='bbox 812 2018 857 2087; x_wconf 94' lang='lat' dir='ltr'><strong>ad</strong></span> <span class='ocrx_word' id='word_1_119' title='bbox 877 2022 1019 2089; x_wconf 88' lang='lat' dir='ltr'><strong>Cannas</strong></span> <span class='ocrx_word' id='word_1_120' title='bbox 1038 2018 1155 2113; x_wconf 88' lang='lat' dir='ltr'><strong>capti,</strong></span> <span class='ocrx_word' id='word_1_121' title='bbox 1178 2017 1233 2087; x_wconf 93' lang='lat' dir='ltr'><strong>di-</strong></span> 
     </span>
     <span class='ocr_line' id='line_1_17' title="bbox 167 2122 1234 2221; baseline 0.003 -30"><span class='ocrx_word' id='word_1_122' title='bbox 167 2123 339 2221; x_wconf 91' lang='lat' dir='ltr'><strong>missique</strong></span> <span class='ocrx_word' id='word_1_123' title='bbox 356 2126 504 2197; x_wconf 83' lang='lat' dir='ltr'><strong>domos¹</strong></span> <span class='ocrx_word' id='word_1_124' title='bbox 524 2152 609 2196; x_wconf 90' lang='lat' dir='ltr'><strong>cum</strong></span> <span class='ocrx_word' id='word_1_125' title='bbox 623 2122 749 2196; x_wconf 90' lang='lat' dir='ltr'><strong>eadem</strong></span> <span class='ocrx_word' id='word_1_126' title='bbox 768 2123 956 2210; x_wconf 90' lang='lat' dir='ltr'><strong>comitate,</strong></span> <span class='ocrx_word' id='word_1_127' title='bbox 977 2147 1051 2220; x_wconf 93' lang='lat' dir='ltr'><strong>qua</strong></span> <span class='ocrx_word' id='word_1_128' title='bbox 1066 2148 1155 2194; x_wconf 90' lang='lat' dir='ltr'><strong>usus</strong></span> <span class='ocrx_word' id='word_1_129' title='bbox 1174 2122 1234 2194; x_wconf 91' lang='lat' dir='ltr'><strong>ad-</strong></span> 
     </span>
     <span class='ocr_line' id='line_1_18' title="bbox 168 2230 1234 2320; baseline -0.004 -16"><span class='ocrx_word' id='word_1_130' title='bbox 168 2259 291 2304; x_wconf 86' lang='lat' dir='ltr'><strong>versus</strong></span> <span class='ocrx_word' id='word_1_131' title='bbox 312 2260 438 2306; x_wconf 87' lang='lat' dir='ltr'><strong>omnes</strong></span> <span class='ocrx_word' id='word_1_132' title='bbox 460 2240 708 2305; x_wconf 90' lang='lat' dir='ltr'><strong>Romanorum</strong></span> <span class='ocrx_word' id='word_1_133' title='bbox 734 2232 850 2302; x_wconf 92' lang='lat' dir='ltr'><strong>socios</strong></span> <span class='ocrx_word' id='word_1_134' title='bbox 872 2236 1007 2302; x_wconf 90' lang='lat' dir='ltr'><strong>Poenus</strong></span> <span class='ocrx_word' id='word_1_135' title='bbox 1030 2230 1158 2302; x_wconf 87' lang='lat' dir='ltr'><strong>fuerat.</strong></span> <span class='ocrx_word' id='word_1_136' title='bbox 1184 2233 1234 2320; x_wconf 93' lang='lat' dir='ltr'>Ii,</span> 
     </span>
    </p>
   </div>
   <div class='ocr_carea' id='block_1_2' title="bbox 166 2339 1279 2992">
    <p class='ocr_par' dir='ltr' id='par_1_2' title="bbox 166 2339 1279 2992">
     <span class='ocr_line' id='line_1_19' title="bbox 168 2339 1236 2440; baseline -0.003 -26"><span class='ocrx_word' id='word_1_137' title='bbox 168 2369 340 2415; x_wconf 82' lang='lat' dir='ltr'><strong>memores</strong></span> <span class='ocrx_word' id='word_1_138' title='bbox 350 2345 603 2440; x_wconf 82' lang='lat' dir='ltr'><strong>beneficiorum</strong></span> <span class='ocrx_word' id='word_1_139' title='bbox 612 2344 686 2437; x_wconf 83' lang='lat' dir='ltr'><strong>ejas</strong></span> <span class='ocrx_word' id='word_1_140' title='bbox 690 2339 892 2439; x_wconf 82' lang='lat' dir='ltr'><strong>perpulisse</strong></span> <span class='ocrx_word' id='word_1_141' title='bbox 907 2366 1078 2437; x_wconf 79' lang='lat' dir='ltr'><strong>magnam</strong></span> <span class='ocrx_word' id='word_1_142' title='bbox 1087 2358 1236 2438; x_wconf 84' lang='lat' dir='ltr'><strong>partem</strong></span> 
     </span>
     <span class='ocr_line' id='line_1_20' title="bbox 166 2450 1237 2546; baseline 0 -23"><span class='ocrx_word' id='word_1_143' title='bbox 166 2454 407 2546; x_wconf 76' lang='lat' dir='ltr'><strong>rejuventntr&#39;s</strong></span> <span class='ocrx_word' id='word_1_144' title='bbox 423 2462 624 2539; x_wconf 73' lang='lat' dir='ltr'><strong>tarentina,</strong></span> <span class='ocrx_word' id='word_1_145' title='bbox 643 2450 828 2538; x_wconf 84' lang='lat' dir='ltr'><strong>referunt,</strong></span> <span class='ocrx_word' id='word_1_146' title='bbox 844 2465 886 2522; x_wconf 86' lang='lat' dir='ltr'><strong>ut</strong></span> <span class='ocrx_word' id='word_1_147' title='bbox 901 2452 1122 2523; x_wconf 81' lang='lat' dir='ltr'><strong>Hannibalis</strong></span> <span class='ocrx_word' id='word_1_148' title='bbox 1141 2458 1237 2523; x_wconf 85' lang='lat' dir='ltr'><strong>ami-</strong></span> 
     </span>
     <span class='ocr_line' id='line_1_21' title="bbox 170 2562 1236 2660; baseline 0.002 -26"><span class='ocrx_word' id='word_1_149' title='bbox 170 2569 291 2634; x_wconf 82' lang='lat' dir='ltr'><strong>citiam</strong></span> <span class='ocrx_word' id='word_1_150' title='bbox 311 2591 356 2635; x_wconf 91' lang='lat' dir='ltr'><strong>ac</strong></span> <span class='ocrx_word' id='word_1_151' title='bbox 368 2572 591 2649; x_wconf 83' lang='lat' dir='ltr'><strong>societatem,</strong></span> <span class='ocrx_word' id='word_1_152' title='bbox 613 2587 726 2660; x_wconf 84' lang='lat' dir='ltr'><strong>quam</strong></span> <span class='ocrx_word' id='word_1_153' title='bbox 737 2563 873 2660; x_wconf 85' lang='lat' dir='ltr'><strong>populi</strong></span> <span class='ocrx_word' id='word_1_154' title='bbox 888 2568 1046 2651; x_wconf 85' lang='lat' dir='ltr'><strong>romani,</strong></span> <span class='ocrx_word' id='word_1_155' title='bbox 1063 2562 1236 2649; x_wconf 88' lang='lat' dir='ltr'><strong>mallent;</strong></span> 
     </span>
     <span class='ocr_line' id='line_1_22' title="bbox 172 2672 1240 2768; baseline 0.002 -26"><span class='ocrx_word' id='word_1_156' title='bbox 172 2672 378 2768; x_wconf 78' lang='lat' dir='ltr'><strong>legatosque</strong></span> <span class='ocrx_word' id='word_1_157' title='bbox 406 2673 549 2745; x_wconf 78' lang='lat' dir='ltr'><strong>abacis</strong></span> <span class='ocrx_word' id='word_1_158' title='bbox 574 2679 729 2743; x_wconf 66' lang='grc' dir='ltr'><strong>ιηιέιοι2</strong></span> <span class='ocrx_word' id='word_1_159' title='bbox 752 2697 878 2768; x_wconf 80' lang='lat' dir='ltr'><strong>rogare</strong></span> <span class='ocrx_word' id='word_1_160' title='bbox 902 2672 1148 2744; x_wconf 88' lang='lat' dir='ltr'><strong>Hannibalem</strong></span> <span class='ocrx_word' id='word_1_161' title='bbox 1159 2727 1171 2760; x_wconf 97' lang='lat'>,</span> <span class='ocrx_word' id='word_1_162' title='bbox 1199 2688 1240 2744; x_wconf 85' lang='lat' dir='ltr'><strong>ut</strong></span> 
     </span>
     <span class='ocr_line' id='line_1_23' title="bbox 171 2781 1235 2880; baseline 0.003 -28"><span class='ocrx_word' id='word_1_163' title='bbox 171 2790 366 2852; x_wconf 74' lang='lat' dir='ltr'><strong>exercitam</strong></span> <span class='ocrx_word' id='word_1_164' title='bbox 376 2790 528 2880; x_wconf 83' lang='lat' dir='ltr'><strong>propius</strong></span> <span class='ocrx_word' id='word_1_165' title='bbox 545 2789 739 2854; x_wconf 83' lang='lat' dir='ltr'><strong>Tarentum</strong></span> <span class='ocrx_word' id='word_1_166' title='bbox 758 2781 959 2853; x_wconf 81' lang='lat' dir='ltr'><strong>admoveat.</strong></span> <span class='ocrx_word' id='word_1_167' title='bbox 977 2788 1017 2855; x_wconf 88' lang='lat' dir='ltr'><strong>Si</strong></span> <span class='ocrx_word' id='word_1_168' title='bbox 1026 2789 1128 2880; x_wconf 83' lang='lat' dir='ltr'><strong>signa</strong></span> <span class='ocrx_word' id='word_1_169' title='bbox 1145 2787 1235 2879; x_wconf 66' lang='lat' dir='ltr'><strong>(piac,</strong></span> 
     </span>
     <span class='ocr_line' id='line_1_24' title="bbox 171 2890 1279 2992; baseline -0.002 -28"><span class='ocrx_word' id='word_1_170' title='bbox 171 2898 204 2964; x_wconf 82' lang='lat' dir='ltr'><strong>si</strong></span> <span class='ocrx_word' id='word_1_171' title='bbox 218 2910 335 2964; x_wconf 84' lang='lat' dir='ltr'><strong>castra</strong></span> <span class='ocrx_word' id='word_1_172' title='bbox 348 2911 536 2992; x_wconf 85' lang='lat' dir='ltr'><strong>conspecta</strong></span> <span class='ocrx_word' id='word_1_173' title='bbox 553 2921 578 2966; x_wconf 90' lang='lat' dir='ltr'><strong>a</strong></span> <span class='ocrx_word' id='word_1_174' title='bbox 597 2899 755 2965; x_wconf 85' lang='lat' dir='ltr'><strong>Tarento</strong></span> <span class='ocrx_word' id='word_1_175' title='bbox 769 2895 856 2978; x_wconf 82' lang='lat' dir='ltr'><strong>sint,</strong></span> <span class='ocrx_word' id='word_1_176' title='bbox 879 2890 982 2962; x_wconf 79' lang='lat' dir='ltr'><strong>laud</strong></span> <span class='ocrx_word' id='word_1_177' title='bbox 998 2891 1112 2962; x_wconf 87' lang='lat' dir='ltr'><strong>ullam</strong></span> <span class='ocrx_word' id='word_1_178' title='bbox 1127 2896 1239 2964; x_wconf 86' lang='lat' dir='ltr'><strong>inter·</strong></span> <span class='ocrx_word' id='word_1_179' title='bbox 1276 2937 1279 2944; x_wconf 79' lang='lat'>,</span> 
     </span>
    </p>
   </div>
   <div class='ocr_carea' id='block_1_3' title="bbox 170 3057 1312 4149">
    <p class='ocr_par' dir='ltr' id='par_1_3' title="bbox 207 3057 1237 3130">
     <span class='ocr_line' id='line_1_25' title="bbox 207 3057 1237 3130; baseline -0.004 -22"><span class='ocrx_word' id='word_1_180' title='bbox 207 3061 231 3108; x_wconf 79' lang='lat'><strong>3.</strong></span> <span class='ocrx_word' id='word_1_181' title='bbox 241 3063 290 3126; x_wconf 76' lang='lat' dir='ltr'><strong>Per</strong></span> <span class='ocrx_word' id='word_1_182' title='bbox 298 3062 399 3125; x_wconf 85' lang='lat' dir='ltr'><strong>speeiem</strong></span> <span class='ocrx_word' id='word_1_183' title='bbox 409 3061 567 3130; x_wconf 77' lang='lat' dir='ltr'><strong>sacrificandi</strong></span> <span class='ocrx_word' id='word_1_184' title='bbox 572 3080 582 3120; x_wconf 83' lang='lat'><strong>‚·</strong></span> <span class='ocrx_word' id='word_1_185' title='bbox 591 3059 642 3109; x_wconf 87' lang='lat' dir='ltr'><strong>vid.</strong></span> <span class='ocrx_word' id='word_1_186' title='bbox 651 3058 683 3105; x_wconf 81' lang='lat' dir='ltr'><strong>ad</strong></span> <span class='ocrx_word' id='word_1_187' title='bbox 763 3065 787 3113; x_wconf 78' lang='grc'><strong>4.</strong></span> <span class='ocrx_word' id='word_1_188' title='bbox 799 3059 828 3120; x_wconf 81' lang='lat' dir='ltr'><strong>Q.</strong></span> <span class='ocrx_word' id='word_1_189' title='bbox 837 3057 939 3105; x_wconf 83' lang='lat' dir='ltr'><strong>Fabium</strong></span> <span class='ocrx_word' id='word_1_190' title='bbox 949 3069 1079 3123; x_wconf 72' lang='lat' dir='ltr'><strong>pretorem</strong></span> <span class='ocrx_word' id='word_1_191' title='bbox 1093 3057 1237 3114; x_wconf 73' lang='lat' dir='ltr'><strong>luceriam,</strong></span> 
     </span>
    </p>

    <p class='ocr_par' dir='ltr' id='par_1_4' title="bbox 170 3132 1312 4149">
     <span class='ocr_line' id='line_1_26' title="bbox 171 3132 1240 3201; baseline -0.006 -13"><span class='ocrx_word' id='word_1_192' title='bbox 171 3142 210 3197; x_wconf 90' lang='lat' dir='ltr'><strong>II,</strong></span> <span class='ocrx_word' id='word_1_193' title='bbox 222 3141 267 3198; x_wconf 79' lang='lat'>32,</span> <span class='ocrx_word' id='word_1_194' title='bbox 278 3157 306 3188; x_wconf 86' lang='lat' dir='ltr'><strong>n.</strong></span> <span class='ocrx_word' id='word_1_195' title='bbox 316 3158 345 3200; x_wconf 79' lang='lat' dir='ltr'><strong>a,</strong></span> <span class='ocrx_word' id='word_1_196' title='bbox 359 3144 442 3200; x_wconf 88' lang='lat' dir='ltr'>etVI,</span> <span class='ocrx_word' id='word_1_197' title='bbox 456 3149 500 3199; x_wconf 71' lang='lat'>14,</span> <span class='ocrx_word' id='word_1_198' title='bbox 513 3158 538 3188; x_wconf 91' lang='lat' dir='ltr'><strong>n.</strong></span> <span class='ocrx_word' id='word_1_199' title='bbox 548 3158 572 3189; x_wconf 72' lang='grc' dir='ltr'><strong>ι.</strong></span> <span class='ocrx_word' id='word_1_200' title='bbox 583 3142 683 3189; x_wconf 86' lang='lat' dir='ltr'><strong>Sacrum</strong></span> <span class='ocrx_word' id='word_1_201' title='bbox 727 3153 761 3186; x_wconf 86' lang='lat' dir='ltr'><strong>sc.</strong></span> <span class='ocrx_word' id='word_1_202' title='bbox 777 3136 913 3201; x_wconf 83' lang='lat' dir='ltr'><strong>proficiacI,</strong></span> <span class='ocrx_word' id='word_1_203' title='bbox 928 3148 953 3186; x_wconf 84' lang='lat' dir='ltr'><strong>et</strong></span> <span class='ocrx_word' id='word_1_204' title='bbox 970 3135 1082 3185; x_wconf 77' lang='lat' dir='ltr'><strong>Graccho</strong></span> <span class='ocrx_word' id='word_1_205' title='bbox 1101 3132 1240 3183; x_wconf 73' lang='lat' dir='ltr'><strong>succedere.</strong></span> 
     </span>
     <span class='ocr_line' id='line_1_27' title="bbox 170 3215 1162 3287; baseline -0.004 -21"><span class='ocrx_word' id='word_1_206' title='bbox 170 3226 243 3279; x_wconf 86' lang='lat' dir='ltr'><strong>vcro,</strong></span> <span class='ocrx_word' id='word_1_207' title='bbox 255 3221 322 3284; x_wconf 90' lang='lat' dir='ltr'><strong>quod</strong></span> <span class='ocrx_word' id='word_1_208' title='bbox 335 3222 484 3286; x_wconf 74' lang='lat' dir='ltr'><strong>perpetravit</strong></span> <span class='ocrx_word' id='word_1_209' title='bbox 498 3220 566 3287; x_wconf 84' lang='lat' dir='ltr'><strong>(vide</strong></span> <span class='ocrx_word' id='word_1_210' title='bbox 580 3237 635 3285; x_wconf 89' lang='lat' dir='ltr'><strong>cap.</strong></span> <span class='ocrx_word' id='word_1_211' title='bbox 651 3221 681 3266; x_wconf 79' lang='lat'><strong>13</strong></span> <span class='ocrx_word' id='word_1_212' title='bbox 726 3219 788 3266; x_wconf 87' lang='lat' dir='ltr'><strong>Mox</strong></span> <span class='ocrx_word' id='word_1_213' title='bbox 803 3217 855 3265; x_wconf 88' lang='lat' dir='ltr'><strong>dele</strong></span> <span class='ocrx_word' id='word_1_214' title='bbox 869 3218 937 3283; x_wconf 89' lang='lat' dir='ltr'><strong>prius</strong></span> <span class='ocrx_word' id='word_1_215' title='bbox 946 3215 1066 3282; x_wconf 49' lang='lat' dir='ltr'><strong>profect&amp;</strong></span> <span class='ocrx_word' id='word_1_216' title='bbox 1081 3216 1162 3263; x_wconf 88' lang='lat' dir='ltr'><strong>Gron.</strong></span> 
     </span>
     <span class='ocr_line' id='line_1_28' title="bbox 172 3294 1241 3363; baseline -0.004 -17"><span class='ocrx_word' id='word_1_217' title='bbox 172 3298 264 3363; x_wconf 80' lang='lat' dir='ltr'><strong>med),</strong></span> <span class='ocrx_word' id='word_1_218' title='bbox 282 3300 373 3348; x_wconf 85' lang='lat' dir='ltr'><strong>factum</strong></span> <span class='ocrx_word' id='word_1_219' title='bbox 390 3301 453 3348; x_wconf 86' lang='lat' dir='ltr'><strong>forte</strong></span> <span class='ocrx_word' id='word_1_220' title='bbox 473 3301 519 3348; x_wconf 83' lang='lat' dir='ltr'><strong>diis</strong></span> <span class='ocrx_word' id='word_1_221' title='bbox 537 3301 635 3358; x_wconf 82' lang='lat' dir='ltr'><strong>inferis,</strong></span> <span class='ocrx_word' id='word_1_222' title='bbox 656 3310 683 3346; x_wconf 91' lang='lat' dir='ltr'><strong>ut</strong></span> <span class='ocrx_word' id='word_1_223' title='bbox 762 3298 825 3345; x_wconf 69' lang='lat' dir='ltr'><strong>Car.</strong></span> <span class='ocrx_word' id='word_1_224' title='bbox 848 3299 920 3345; x_wconf 83' lang='lat' dir='ltr'>XIII.</span> <span class='ocrx_word' id='word_1_225' title='bbox 943 3313 966 3345; x_wconf 85' lang='lat'><strong>1.</strong></span> <span class='ocrx_word' id='word_1_226' title='bbox 986 3295 1133 3359; x_wconf 80' lang='lat' dir='ltr'><strong>Dimissique</strong></span> <span class='ocrx_word' id='word_1_227' title='bbox 1154 3294 1241 3343; x_wconf 77' lang='lat' dir='ltr'><strong>domos</strong></span> 
     </span>
     <span class='ocr_line' id='line_1_29' title="bbox 171 3375 1242 3444; baseline -0.002 -19"><span class='ocrx_word' id='word_1_228' title='bbox 171 3377 264 3426; x_wconf 86' lang='lat' dir='ltr'><strong>ibidem</strong></span> <span class='ocrx_word' id='word_1_229' title='bbox 273 3378 303 3424; x_wconf 85' lang='lat' dir='ltr'><strong>ab</strong></span> <span class='ocrx_word' id='word_1_230' title='bbox 312 3381 400 3438; x_wconf 86' lang='lat' dir='ltr'><strong>AEnea,</strong></span> <span class='ocrx_word' id='word_1_231' title='bbox 411 3380 526 3444; x_wconf 79' lang='lat' dir='ltr'><strong>Scipione</strong></span> <span class='ocrx_word' id='word_1_232' title='bbox 537 3391 562 3426; x_wconf 87' lang='lat' dir='ltr'><strong>et</strong></span> <span class='ocrx_word' id='word_1_233' title='bbox 572 3379 633 3426; x_wconf 79' lang='lat' dir='ltr'>aIIIs.</span> <span class='ocrx_word' id='word_1_234' title='bbox 644 3380 683 3428; x_wconf 87' lang='lat' dir='ltr'><strong>Cf.</strong></span> <span class='ocrx_word' id='word_1_235' title='bbox 727 3393 782 3423; x_wconf 85' lang='lat' dir='ltr'><strong>cum</strong></span> <span class='ocrx_word' id='word_1_236' title='bbox 799 3376 885 3424; x_wconf 84' lang='lat' dir='ltr'><strong>eadem</strong></span> <span class='ocrx_word' id='word_1_237' title='bbox 903 3376 1031 3433; x_wconf 85' lang='lat' dir='ltr'><strong>comitate,</strong></span> <span class='ocrx_word' id='word_1_238' title='bbox 1047 3392 1098 3440; x_wconf 86' lang='lat' dir='ltr'><strong>qua</strong></span> <span class='ocrx_word' id='word_1_239' title='bbox 1116 3392 1174 3424; x_wconf 82' lang='lat' dir='ltr'><strong>usus</strong></span> <span class='ocrx_word' id='word_1_240' title='bbox 1194 3375 1242 3423; x_wconf 82' lang='lat' dir='ltr'><strong>ad-</strong></span> 
     </span>
     <span class='ocr_line' id='line_1_30' title="bbox 172 3455 1312 3522; baseline 0.002 -19"><span class='ocrx_word' id='word_1_241' title='bbox 172 3457 242 3522; x_wconf 85' lang='lat' dir='ltr'><strong>Virg.</strong></span> <span class='ocrx_word' id='word_1_242' title='bbox 258 3460 313 3506; x_wconf 84' lang='lat' dir='ltr'><strong>AEu.</strong></span> <span class='ocrx_word' id='word_1_243' title='bbox 323 3460 372 3516; x_wconf 89' lang='lat' dir='ltr'><strong>VI,</strong></span> <span class='ocrx_word' id='word_1_244' title='bbox 391 3460 441 3506; x_wconf 80' lang='lat'><strong>236</strong></span> <span class='ocrx_word' id='word_1_245' title='bbox 456 3475 492 3522; x_wconf 87' lang='lat' dir='ltr'><strong>sq.</strong></span> <span class='ocrx_word' id='word_1_246' title='bbox 509 3469 534 3507; x_wconf 91' lang='lat' dir='ltr'><strong>et</strong></span> <span class='ocrx_word' id='word_1_247' title='bbox 548 3459 590 3505; x_wconf 90' lang='lat' dir='ltr'><strong>Sil.</strong></span> <span class='ocrx_word' id='word_1_248' title='bbox 605 3460 683 3519; x_wconf 89' lang='lat' dir='ltr'>XIII,</span> <span class='ocrx_word' id='word_1_249' title='bbox 728 3472 805 3503; x_wconf 81' lang='lat' dir='ltr'><strong>versus</strong></span> <span class='ocrx_word' id='word_1_250' title='bbox 823 3473 919 3513; x_wconf 84' lang='lat' dir='ltr'><strong>omnes,</strong></span> <span class='ocrx_word' id='word_1_251' title='bbox 942 3468 988 3504; x_wconf 87' lang='lat' dir='ltr'><strong>etc.</strong></span> <span class='ocrx_word' id='word_1_252' title='bbox 1005 3455 1077 3504; x_wconf 75' lang='lat' dir='ltr'><strong>Cous.</strong></span> <span class='ocrx_word' id='word_1_253' title='bbox 1097 3455 1129 3502; x_wconf 87' lang='lat' dir='ltr'><strong>ad</strong></span> <span class='ocrx_word' id='word_1_254' title='bbox 1148 3457 1242 3505; x_wconf 84' lang='lat' dir='ltr'><strong>librum</strong></span> <span class='ocrx_word' id='word_1_255' title='bbox 1307 3488 1312 3495; x_wconf 51' lang='grc' dir='ltr'><strong>ι</strong></span> 
     </span>
     <span class='ocr_line' id='line_1_31' title="bbox 174 3536 999 3603; baseline 0.002 -21"><span class='ocrx_word' id='word_1_256' title='bbox 174 3543 223 3597; x_wconf 69' lang='grc' dir='ltr'><strong>4η</strong></span> <span class='ocrx_word' id='word_1_257' title='bbox 235 3553 272 3599; x_wconf 85' lang='lat' dir='ltr'><strong>sq.</strong></span> <span class='ocrx_word' id='word_1_258' title='bbox 284 3548 311 3583; x_wconf 90' lang='lat' dir='ltr'><strong>ut</strong></span> <span class='ocrx_word' id='word_1_259' title='bbox 323 3548 427 3583; x_wconf 85' lang='lat' dir='ltr'><strong>tentaret</strong></span> <span class='ocrx_word' id='word_1_260' title='bbox 436 3537 550 3585; x_wconf 82' lang='lat' dir='ltr'><strong>Puteolos</strong></span> <span class='ocrx_word' id='word_1_261' title='bbox 567 3536 638 3603; x_wconf 85' lang='lat' dir='ltr'><strong>(vide</strong></span> <span class='ocrx_word' id='word_1_262' title='bbox 651 3537 683 3584; x_wconf 90' lang='lat' dir='ltr'><strong>ad</strong></span> <span class='ocrx_word' id='word_1_263' title='bbox 727 3538 819 3595; x_wconf 89' lang='lat' dir='ltr'>XXII,</span> <span class='ocrx_word' id='word_1_264' title='bbox 831 3553 885 3600; x_wconf 87' lang='lat' dir='ltr'><strong>cap.</strong></span> <span class='ocrx_word' id='word_1_265' title='bbox 897 3552 910 3596; x_wconf 84' lang='lat'><strong>7</strong></span> <span class='ocrx_word' id='word_1_266' title='bbox 922 3548 946 3583; x_wconf 87' lang='lat' dir='ltr'><strong>et</strong></span> <span class='ocrx_word' id='word_1_267' title='bbox 958 3537 999 3584; x_wconf 84' lang='grc'><strong>58.</strong></span> 
     </span>
     <span class='ocr_line' id='line_1_32' title="bbox 172 3614 1242 3680; baseline 0 -17"><span class='ocrx_word' id='word_1_268' title='bbox 172 3617 224 3674; x_wconf 89' lang='lat' dir='ltr'><strong>IX,</strong></span> <span class='ocrx_word' id='word_1_269' title='bbox 240 3616 286 3674; x_wconf 81' lang='lat'>35,</span> <span class='ocrx_word' id='word_1_270' title='bbox 299 3631 323 3662; x_wconf 88' lang='lat' dir='ltr'><strong>n.</strong></span> <span class='ocrx_word' id='word_1_271' title='bbox 339 3615 376 3678; x_wconf 89' lang='lat'>1),</span> <span class='ocrx_word' id='word_1_272' title='bbox 393 3616 506 3680; x_wconf 86' lang='lat' dir='ltr'><strong>quodque</strong></span> <span class='ocrx_word' id='word_1_273' title='bbox 524 3616 558 3663; x_wconf 85' lang='lat' dir='ltr'><strong>ibi</strong></span> <span class='ocrx_word' id='word_1_274' title='bbox 571 3615 685 3680; x_wconf 67' lang='lat' dir='ltr'><strong>proesrilii</strong></span> <span class='ocrx_word' id='word_1_275' title='bbox 763 3631 788 3661; x_wconf 80' lang='lat' dir='ltr'><strong>a.</strong></span> <span class='ocrx_word' id='word_1_276' title='bbox 800 3617 951 3678; x_wconf 75' lang='lat' dir='ltr'><strong>Legatosque</strong></span> <span class='ocrx_word' id='word_1_277' title='bbox 964 3614 997 3662; x_wconf 89' lang='lat' dir='ltr'><strong>ab</strong></span> <span class='ocrx_word' id='word_1_278' title='bbox 1011 3615 1061 3662; x_wconf 79' lang='lat' dir='ltr'><strong>suis</strong></span> <span class='ocrx_word' id='word_1_279' title='bbox 1074 3614 1173 3672; x_wconf 84' lang='lat' dir='ltr'><strong>missos,</strong></span> <span class='ocrx_word' id='word_1_280' title='bbox 1186 3616 1242 3664; x_wconf 82' lang='lat' dir='ltr'><strong>scil.</strong></span> 
     </span>
     <span class='ocr_line' id='line_1_33' title="bbox 174 3693 1244 3759; baseline 0.003 -20"><span class='ocrx_word' id='word_1_281' title='bbox 174 3705 246 3750; x_wconf 87' lang='lat' dir='ltr'><strong>erat;</strong></span> <span class='ocrx_word' id='word_1_282' title='bbox 258 3693 315 3740; x_wconf 86' lang='lat' dir='ltr'><strong>vide</strong></span> <span class='ocrx_word' id='word_1_283' title='bbox 328 3710 400 3759; x_wconf 89' lang='lat' dir='ltr'><strong>supra</strong></span> <span class='ocrx_word' id='word_1_284' title='bbox 417 3695 448 3742; x_wconf 85' lang='lat' dir='ltr'><strong>ad</strong></span> <span class='ocrx_word' id='word_1_285' title='bbox 461 3711 516 3759; x_wconf 84' lang='lat' dir='ltr'><strong>cap.</strong></span> <span class='ocrx_word' id='word_1_286' title='bbox 529 3711 553 3755; x_wconf 77' lang='lat'>7,</span> <span class='ocrx_word' id='word_1_287' title='bbox 570 3712 596 3743; x_wconf 92' lang='lat' dir='ltr'><strong>n.</strong></span> <span class='ocrx_word' id='word_1_288' title='bbox 609 3711 633 3754; x_wconf 82' lang='lat'><strong>7.</strong></span> <span class='ocrx_word' id='word_1_289' title='bbox 648 3722 683 3730; x_wconf 93' lang='lat'><em>-</em></span> <span class='ocrx_word' id='word_1_290' title='bbox 727 3709 771 3740; x_wconf 83' lang='lat' dir='ltr'><strong>se:</strong></span> <span class='ocrx_word' id='word_1_291' title='bbox 785 3693 853 3757; x_wconf 89' lang='lat' dir='ltr'><strong>quod</strong></span> <span class='ocrx_word' id='word_1_292' title='bbox 865 3709 937 3757; x_wconf 90' lang='lat' dir='ltr'><strong>pron.</strong></span> <span class='ocrx_word' id='word_1_293' title='bbox 951 3710 1016 3758; x_wconf 84' lang='lat' dir='ltr'><strong>saepe</strong></span> <span class='ocrx_word' id='word_1_294' title='bbox 1029 3694 1165 3753; x_wconf 86' lang='lat' dir='ltr'><strong>omittitur,</strong></span> <span class='ocrx_word' id='word_1_295' title='bbox 1180 3711 1244 3758; x_wconf 85' lang='lat' dir='ltr'><strong>prae-</strong></span> 
     </span>
     <span class='ocr_line' id='line_1_34' title="bbox 173 3771 1244 3839; baseline 0.004 -21"><span class='ocrx_word' id='word_1_296' title='bbox 173 3771 313 3830; x_wconf 76' lang='lat' dir='ltr'><strong>Maximra,</strong></span> <span class='ocrx_word' id='word_1_297' title='bbox 329 3775 359 3836; x_wconf 87' lang='lat' dir='ltr'><strong>Q.</strong></span> <span class='ocrx_word' id='word_1_298' title='bbox 373 3774 460 3823; x_wconf 79' lang='lat' dir='ltr'><strong>Fabius</strong></span> <span class='ocrx_word' id='word_1_299' title='bbox 475 3774 611 3833; x_wconf 57' lang='lat' dir='ltr'><strong>Maximum</strong></span> <span class='ocrx_word' id='word_1_300' title='bbox 626 3774 683 3822; x_wconf 85' lang='lat' dir='ltr'><strong>vide</strong></span> <span class='ocrx_word' id='word_1_301' title='bbox 727 3773 798 3836; x_wconf 84' lang='lat' dir='ltr'><strong>cipue</strong></span> <span class='ocrx_word' id='word_1_302' title='bbox 811 3773 869 3832; x_wconf 87' lang='lat' dir='ltr'><strong>ubi,</strong></span> <span class='ocrx_word' id='word_1_303' title='bbox 884 3785 912 3820; x_wconf 91' lang='lat' dir='ltr'><strong>ut</strong></span> <span class='ocrx_word' id='word_1_304' title='bbox 925 3773 993 3833; x_wconf 90' lang='lat' dir='ltr'>h.l.,</span> <span class='ocrx_word' id='word_1_305' title='bbox 1005 3773 1138 3839; x_wconf 73' lang='lat' dir='ltr'><strong>praecessit.</strong></span> <span class='ocrx_word' id='word_1_306' title='bbox 1149 3773 1244 3822; x_wconf 80' lang='lat' dir='ltr'><strong>Confer</strong></span> 
     </span>
     <span class='ocr_line' id='line_1_35' title="bbox 172 3851 1243 3920; baseline 0.005 -24"><span class='ocrx_word' id='word_1_307' title='bbox 172 3851 258 3909; x_wconf 80' lang='lat' dir='ltr'>XXV,</span> <span class='ocrx_word' id='word_1_308' title='bbox 270 3868 318 3913; x_wconf 77' lang='lat' dir='ltr'><strong>ao,</strong></span> <span class='ocrx_word' id='word_1_309' title='bbox 331 3867 389 3900; x_wconf 79' lang='lat' dir='ltr'><strong>na.</strong></span> <span class='ocrx_word' id='word_1_310' title='bbox 404 3881 440 3890; x_wconf 89' lang='lat'><em>-</em></span> <span class='ocrx_word' id='word_1_311' title='bbox 453 3853 527 3918; x_wconf 82' lang='lat' dir='ltr'><strong>Arpis</strong></span> <span class='ocrx_word' id='word_1_312' title='bbox 531 3853 679 3920; x_wconf 79' lang='lat' dir='ltr'><strong>profectum,</strong></span> <span class='ocrx_word' id='word_1_313' title='bbox 727 3853 760 3899; x_wconf 86' lang='lat' dir='ltr'><strong>ad</strong></span> <span class='ocrx_word' id='word_1_314' title='bbox 776 3854 821 3910; x_wconf 81' lang='lat' dir='ltr'><strong>IV,</strong></span> <span class='ocrx_word' id='word_1_315' title='bbox 841 3851 883 3912; x_wconf 84' lang='lat'>57,</span> <span class='ocrx_word' id='word_1_316' title='bbox 901 3869 926 3901; x_wconf 89' lang='lat' dir='ltr'><strong>n.</strong></span> <span class='ocrx_word' id='word_1_317' title='bbox 940 3869 969 3912; x_wconf 81' lang='lat'><strong>13</strong></span> <span class='ocrx_word' id='word_1_318' title='bbox 992 3855 1085 3913; x_wconf 87' lang='lat' dir='ltr'>XXII,</span> <span class='ocrx_word' id='word_1_319' title='bbox 1103 3853 1155 3912; x_wconf 87' lang='lat'>60,</span> <span class='ocrx_word' id='word_1_320' title='bbox 1173 3869 1199 3900; x_wconf 88' lang='grc' dir='ltr'><strong>ιι.</strong></span> <span class='ocrx_word' id='word_1_321' title='bbox 1214 3854 1243 3912; x_wconf 74' lang='lat'><strong>53</strong></span> 
     </span>
     <span class='ocr_line' id='line_1_36' title="bbox 176 3908 1245 3992; baseline 0.006 -18"><span class='ocrx_word' id='word_1_322' title='bbox 176 3941 200 3974; x_wconf 87' lang='lat' dir='ltr'><strong>et</strong></span> <span class='ocrx_word' id='word_1_323' title='bbox 210 3930 311 3992; x_wconf 74' lang='lat' dir='ltr'><strong>regredi.</strong></span> <span class='ocrx_word' id='word_1_324' title='bbox 324 3932 350 3978; x_wconf 85' lang='lat' dir='ltr'><strong>Si</strong></span> <span class='ocrx_word' id='word_1_325' title='bbox 360 3933 434 3982; x_wconf 87' lang='lat' dir='ltr'><strong>codd.</strong></span> <span class='ocrx_word' id='word_1_326' title='bbox 444 3932 597 3991; x_wconf 84' lang='lat' dir='ltr'><strong>addicerent,</strong></span> <span class='ocrx_word' id='word_1_327' title='bbox 608 3908 683 3980; x_wconf 80' lang='lat' dir='ltr'><strong>Ilrak.</strong></span> <span class='ocrx_word' id='word_1_328' title='bbox 727 3934 832 3990; x_wconf 80' lang='lat' dir='ltr'>XXIII,</span> <span class='ocrx_word' id='word_1_329' title='bbox 846 3933 875 3990; x_wconf 80' lang='lat'>3,</span> <span class='ocrx_word' id='word_1_330' title='bbox 888 3949 913 3978; x_wconf 92' lang='grc' dir='ltr'><strong>ιι.</strong></span> <span class='ocrx_word' id='word_1_331' title='bbox 925 3940 956 3992; x_wconf 73' lang='grc'><strong>4;</strong></span> <span class='ocrx_word' id='word_1_332' title='bbox 969 3932 1093 3981; x_wconf 81' lang='lat' dir='ltr'><strong>Drakenb.</strong></span> <span class='ocrx_word' id='word_1_333' title='bbox 1105 3933 1138 3980; x_wconf 85' lang='lat' dir='ltr'><strong>ad</strong></span> <span class='ocrx_word' id='word_1_334' title='bbox 1151 3933 1177 3980; x_wconf 91' lang='lat' dir='ltr'><strong>h.</strong></span> <span class='ocrx_word' id='word_1_335' title='bbox 1189 3933 1208 3980; x_wconf 85' lang='lat' dir='ltr'><strong>l.</strong></span> <span class='ocrx_word' id='word_1_336' title='bbox 1220 3945 1245 3981; x_wconf 84' lang='lat' dir='ltr'><strong>et</strong></span> 
     </span>
     <span class='ocr_line' id='line_1_37' title="bbox 176 4007 1245 4077; baseline 0.006 -21"><span class='ocrx_word' id='word_1_337' title='bbox 176 4007 258 4063; x_wconf 76' lang='lat' dir='ltr'><strong>mallet</strong></span> <span class='ocrx_word' id='word_1_338' title='bbox 270 4008 406 4074; x_wconf 80' lang='lat' dir='ltr'><strong>profectum</strong></span> <span class='ocrx_word' id='word_1_339' title='bbox 422 4012 528 4076; x_wconf 81' lang='lat' dir='ltr'><strong>regredi,</strong></span> <span class='ocrx_word' id='word_1_340' title='bbox 542 4012 587 4060; x_wconf 88' lang='lat' dir='ltr'><strong>sed</strong></span> <span class='ocrx_word' id='word_1_341' title='bbox 602 4012 632 4060; x_wconf 87' lang='lat' dir='ltr'><strong>iis</strong></span> <span class='ocrx_word' id='word_1_342' title='bbox 645 4012 683 4059; x_wconf 90' lang='lat' dir='ltr'><strong>in·</strong></span> <span class='ocrx_word' id='word_1_343' title='bbox 728 4012 804 4059; x_wconf 90' lang='lat' dir='ltr'><strong>Gron.</strong></span> <span class='ocrx_word' id='word_1_344' title='bbox 814 4011 846 4058; x_wconf 87' lang='lat' dir='ltr'><strong>ad</strong></span> <span class='ocrx_word' id='word_1_345' title='bbox 859 4013 961 4071; x_wconf 84' lang='lat' dir='ltr'>XXVI,</span> <span class='ocrx_word' id='word_1_346' title='bbox 979 4014 1027 4077; x_wconf 77' lang='lat'><strong>395</strong></span> <span class='ocrx_word' id='word_1_347' title='bbox 1047 4013 1141 4071; x_wconf 86' lang='lat' dir='ltr'>XXX,</span> <span class='ocrx_word' id='word_1_348' title='bbox 1155 4028 1206 4072; x_wconf 78' lang='lat'><strong>22,</strong></span> <span class='ocrx_word' id='word_1_349' title='bbox 1220 4025 1245 4063; x_wconf 83' lang='lat' dir='ltr'><strong>et</strong></span> 
     </span>
     <span class='ocr_line' id='line_1_38' title="bbox 177 4086 842 4149; baseline 0.008 -16"><span class='ocrx_word' id='word_1_350' title='bbox 177 4086 235 4134; x_wconf 82' lang='lat' dir='ltr'><strong>vitis</strong></span> <span class='ocrx_word' id='word_1_351' title='bbox 245 4087 307 4136; x_wconf 81' lang='lat' dir='ltr'><strong>nihil</strong></span> <span class='ocrx_word' id='word_1_352' title='bbox 318 4098 412 4139; x_wconf 82' lang='lat' dir='ltr'><strong>mutare</strong></span> <span class='ocrx_word' id='word_1_353' title='bbox 423 4106 495 4140; x_wconf 81' lang='lat' dir='ltr'><strong>ausus</strong></span> <span class='ocrx_word' id='word_1_354' title='bbox 505 4101 549 4140; x_wconf 84' lang='lat' dir='ltr'><strong>est.</strong></span> <span class='ocrx_word' id='word_1_355' title='bbox 558 4092 603 4140; x_wconf 86' lang='lat' dir='ltr'><strong>Eo.</strong></span> <span class='ocrx_word' id='word_1_356' title='bbox 728 4091 786 4149; x_wconf 88' lang='lat' dir='ltr'><strong>XL,</strong></span> <span class='ocrx_word' id='word_1_357' title='bbox 801 4097 842 4146; x_wconf 72' lang='lat'><strong>42.</strong></span> 
     </span>
    </p>
   </div>
   <div class='ocr_carea' id='block_1_4' title="bbox 0 0 1401 4568">
    <p class='ocr_par' dir='ltr' id='par_1_5' title="bbox 0 0 1401 4568">
     <span class='ocr_line' id='line_1_39' title="bbox 0 0 1401 4568; baseline 0 0"><span class='ocrx_word' id='word_1_358' title='bbox 0 0 1401 4568; x_wconf 95' lang='lat' dir='ltr'><strong> </strong></span> 
     </span>
    </p>
   </div>
  </div>
 </body>
</html>
