2782 4568
197 305 323 406 {12333333
386 326 542 394 creua
571 329 712 395 xxiv.
740 326 847 395 cae.
874 327 1023 395 xviri.
1160 331 1230 424 407

170 457 287 516 serat9
301 473 309 515 :
324 448 583 542 arcessitosque
595 472 632 518 se
645 446 689 517 ab
706 446 899 517 triumviris
913 447 1099 518 mensariis
1108 457 1140 490 ¹⁰
1154 474 1231 520 esse

169 557 361 647 dixerunt,
389 572 429 628 ut
450 559 568 654 pretia
595 583 783 629 servorum
808 557 1040 654 acciperent:
1063 572 1231 628 cmterum

168 693 243 738 non
254 683 353 758 ante,
365 695 474 766 quam
486 668 583 739 bello
595 666 775 757 confecto,
787 681 998 766 accepturos
1008 671 1232 758 esseQuum

168 778 243 849 baec
259 780 442 851 inclinatio
462 781 666 850 animorum
681 778 798 876 plebis
819 777 864 849 ad
886 777 1133 849 sustinendam
1151 781 1233 850 ino-

167 891 262 986 piam
279 893 393 961 aerarii
407 890 511 962 fieret
523 918 533 978 ;
546 892 709 987 pecuniae
724 914 873 986 quoque
888 889 1082 987 pupillares
1096 892 1231 986 primo,

166 999 298 1072 deinde
307 1001 514 1091 viduarum,
528 1017 654 1099 coeptae
667 1000 843 1089 conferri,
857 1026 1036 1096 nusquam
1048 1026 1107 1072 eas
1119 1005 1231 1074 tutius

166 1113 395 1208 sanctiusque
419 1112 603 1212 deponere
627 1111 882 1201 credentibus,
906 1113 970 1208 qui
997 1111 1231 1203 deferebant,

165 1244 274 1314 quam
294 1223 332 1291 in
353 1222 499 1320 publica
516 1222 588 1294 fide
601 1234 644 1293 ¹1.
658 1223 769 1310 Inde,
788 1224 817 1293 si
837 1222 925 1319 quid
946 1238 1109 1320 emptum
1127 1250 1232 1322 para-

165 1343 317 1426 tumque
333 1333 480 1430 pupillis
495 1358 536 1405 ac
551 1333 667 1404 viduis
681 1332 794 1421 foret,
811 1359 830 1403 a
845 1348 1023 1429 quaestore
1037 1334 1234 1431 perscribe-

164 1437 326 1510 batur12.
350 1444 509 1512 Manavit
536 1467 577 1513 ea
602 1445 826 1540 privatorum
848 1441 1050 1540 benignitas
1074 1469 1119 1513 ex
1140 1443 1231 1516 urbe

165 1550 272 1620 etiam
291 1553 328 1620 in
347 1567 479 1640 castra,
496 1567 537 1623 ut
560 1579 637 1633 non
658 1577 791 1649 eques,
811 1578 887 1623 non
905 1554 1072 1623 centurio
1091 1555 1228 1650 stipen-

199 1777 223 1824 9.
236 1763 280 1810 Ad
293 1767 452 1812 Beneventum
464 1781 538 1812 manu
551 1765 673 1821 emiserat,
719 1780 771 1811 non
786 1746 890 1811 malebat
905 1765 1068 1813 creditoribus
1080 1767 1231 1829 pupillorum

164 1853 306 1905 epotestate
316 1844 483 1902 dominorum,
496 1844 522 1892 h.
532 1861 553 1893 e.
564 1844 675 1892 libertate
718 1858 746 1889 ac
757 1843 886 1890 viduarum
898 1843 1045 1902 satisfacere,
1059 1861 1132 1907 quam
1145 1861 1187 1892 eos
1199 1846 1231 1893 ad

163 1919 303 1971 donaverat.
315 1926 353 1970 De
363 1940 388 1970 re
398 1923 454 1970 vide
464 1939 517 1987 cap.
529 1924 568 1971 16.
716 1923 892 1985 argentarium,
906 1922 994 1970 deinde
1007 1924 1038 1970 ab
1051 1925 1149 1984 aerario,
1163 1925 1231 1988 quod

201 2016 241 2049 10.
258 2004 298 2050 Ab
314 2001 442 2051 triumviris
457 2001 601 2058 mensariis;
616 2000 673 2048 vide
716 1999 754 2047 bis
767 2001 886 2060 solverat,
901 2002 1076 2065 repetiturum,
1090 2003 1204 2051 mitteret
1216 2028 1229 2046 n

162 2079 194 2126 ad
204 2082 267 2140 VII,
277 2099 319 2142 21,
332 2098 358 2130 n,
367 2083 390 2129 3.
715 2079 781 2127 out.
796 2080 844 2126 Sed
857 2091 934 2144 puto,
947 2096 989 2127 eos
1002 2096 1068 2128 nunc
1079 2097 1092 2128 a
1106 2095 1227 2145 quaestore

200 2176 240 2208 11.
257 2164 334 2223 Quam
349 2162 373 2209 in
382 2157 626 2226 publicafide;vide
641 2157 672 2204 ad
714 2173 761 2220 pro
781 2159 864 2221 pretio
885 2159 961 2206 modo
981 2159 1141 2222 scripturam,
1157 2148 1229 2210 libito
1254 2184 1257 2195 ·

164 2243 202 2298 11,
219 2243 265 2298 30,
278 2258 303 2289 n.
316 2256 338 2288 1.
715 2235 813 2283 demum
832 2236 898 2284 bello
918 2237 1047 2301 pecuniam
1066 2238 1143 2301 ipsam
1161 2256 1227 2288 rece·

200 2336 239 2367 ru.
257 2323 281 2367 A
292 2330 411 2383 quaestore
418 2316 614 2382 perscribebatur
616 2334 627 2371 ,·
637 2330 671 2362 se.
713 2315 779 2378 pisse
786 2315 944 2378 :perscribere
952 2326 1032 2365 autem
1039 2317 1168 2379 pecaniam
1178 2336 1229 2367 mo-

161 2399 317 2457 solveudum;
332 2410 358 2446 ut
370 2396 437 2461 apud
448 2401 510 2445 Hor.
524 2397 574 2443 Sat.
590 2396 627 2452 11,
643 2393 671 2452 3,
714 2393 760 2440 dus
773 2394 886 2441 solvendi
902 2405 967 2452 erat,
983 2409 1035 2440 non
1051 2406 1136 2458 parata
1154 2414 1228 2460 pecu-

161 2477 207 2538 69,
217 2479 293 2524 scribe
302 2479 384 2523 decem
396 2491 412 2522 a
425 2475 501 2523 Nerio
512 2493 521 2522 .·
534 2491 590 2521 nam
605 2489 671 2537 quae·
713 2474 767 2531 nia,
777 2473 820 2520 sed
829 2471 918 2534 meris,
929 2472 1018 2536 quibus
1027 2474 1116 2520 solutio
1126 2475 1153 2520 in
1163 2492 1228 2524 men·

160 2566 221 2614 stor,
230 2566 344 2618 tanquam
354 2555 460 2613 debitor,
470 2571 484 2602 a
495 2555 616 2602 tutoribus
624 2570 670 2618 pu·
714 2553 804 2601 sarium
823 2553 897 2617 (vide
913 2552 945 2600 ad
955 2553 1021 2610 VII,
1038 2568 1084 2611 21,
1099 2569 1124 2602 n.
1137 2552 1167 2619 3)
1185 2567 1233 2604 aur

160 2635 276 2698 pillorum
289 2651 317 2681 ac
330 2634 458 2680 viduarum
471 2650 515 2697 per
528 2633 670 2696 scripturam
713 2633 786 2680 alium
806 2632 935 2696 quemdam
954 2619 1137 2692 conferebatur,
1159 2635 1227 2698 quod

162 2715 318 2778 delegabatur
344 2713 520 2781 creditoribus,
542 2728 556 2758 a
583 2712 671 2774 quibus
712 2727 759 2759 nos
769 2712 870 2759 dicimus
878 2710 996 2767 Weclzsel‚
1005 2711 1166 2773 Staatsbillets
1174 2730 1229 2761 arcs·

160 2793 261 2858 pupillis
291 2793 420 2854 viduisque
444 2789 536 2853 aliquid
564 2800 672 2853 emptum
713 2791 811 2848 stellare,
830 2791 870 2837 die
884 2790 1001 2854 Zaltlung
1013 2790 1166 2855 assigniren;
1180 2793 1227 2840 Str.

161 2884 320 2937 paratumque
334 2883 397 2929 erat,
410 2881 436 2917 ut
448 2868 563 2933 hipretia
575 2867 671 2915 illarum
714 2870 803 2919 Cicero·
822 2870 908 2917 eodem
928 2886 1000 2917 seusu
1020 2869 1080 2916 dicit
1097 2870 1230 2918 attribuere

161 2968 240 3016 rerum
256 2968 270 2998 a
284 2960 404 3014 quaestore
418 2965 450 2996 ex
460 2946 571 3012 pecuniis
588 2947 671 3011 pupil-
708 2948 840 3012 pecuniam
850 2960 874 2996 et
876 2965 923 3012 per
932 2947 1114 2995 attributionem
1122 2949 1226 3004 solvere,

90 3082 93 3087 ,
159 3029 251 3078 laribus
270 3045 299 3078 ac
314 3029 458 3085 viduarum,
474 3026 540 3090 apud
561 3027 671 3074 aerarium
712 3040 741 3076 ut
754 3043 800 3076 uos
806 3044 853 3091 per
866 3025 1063 3092 assignationem.
1082 3028 1120 3074 cf.
1130 3030 1228 3077 Ernesti

145 3110 292 3174 depositis,
305 3109 449 3172 reciperent.
466 3105 538 3155 Couf.
556 3105 588 3152 ad
604 3107 669 3153 Suet.
712 3108 781 3156 Clav.
792 3107 904 3156 Ciceron.
921 3105 947 3152 in
959 3121 982 3151 v.
996 3104 1138 3163 attributio,
1154 3108 1226 3155 attri-

160 3190 221 3238 Caes.
236 3197 279 3244 42.
294 3189 439 3249 Plerumque
455 3185 554 3248 quidem
565 3184 670 3247 perseri·
713 3187 782 3233 butus
788 3220 796 3242 ,
803 3183 952 3248 perscribere
958 3201 969 3241 ;
982 3193 1006 3230 et
1022 3187 1105 3247 Intpp.
1124 3185 1225 3233 Sueton.

160 3269 215 3314 bere
225 3281 351 3333 argentum
362 3267 452 3314 dicitur
461 3265 566 3321 debitor,
576 3263 618 3326 qui
626 3280 670 3327 per
712 3267 774 3314 Caes.
799 3271 847 3320 42,
868 3262 911 3310 ubi
932 3262 1032 3326 quidam
1056 3263 1104 3311 boc
1124 3264 1226 3312 verbum
1247 3250 1250 3255 ’

160 3348 320 3409 argentarium
331 3359 356 3394 et
367 3347 511 3410 scripturam
522 3359 611 3390 mensae
621 3358 671 3390 cre·
712 3343 836 3408 accipiunt
853 3356 906 3390 nou
925 3341 955 3415 de
972 3342 1111 3401 solutione,
1131 3343 1174 3391 sed
1189 3362 1227 3392 sa-

161 3424 235 3471 ditori
251 3427 332 3475 solvit.
352 3428 435 3472 «Tum
449 3441 466 3470 a
480 3433 598 3487 quaestore
610 3438 669 3485 per·
711 3420 865 3480 tisfaetione,
884 3437 959 3484 quum
978 3420 1075 3468 debitor
1089 3420 1149 3485 (qui
1165 3423 1190 3469 b.
1207 3424 1224 3471 l.

159 3503 308 3550 scribebatur
322 3516 358 3551 est
370 3518 376 3551 :
388 3514 495 3566 quaestor
509 3501 670 3548 creditoribus
712 3514 818 3566 quaestor
834 3499 881 3566 est)
904 3499 1020 3548 creditori
1040 3501 1141 3548 cavebat
1162 3502 1225 3549 datis

159 3582 310 3645 pupillorum
319 3598 347 3628 ac
359 3582 500 3638 viduarum,
513 3581 580 3644 quod
590 3579 620 3626 ab
630 3579 669 3626 his
710 3580 866 3645 pigneribus,
886 3579 924 3626 vel
942 3578 1103 3643 hypothecis,
1122 3581 1161 3627 vel
1176 3580 1225 3629 alio

160 3659 294 3708 debehatur
311 3678 355 3725 per
370 3661 514 3724 scripturam
531 3677 621 3708 mensae
637 3660 668 3707 ab
711 3676 864 3723 quocumque
881 3658 965 3705 modo.
984 3657 1077 3705 Eodem
1089 3657 1115 3706 h.
1129 3658 1145 3706 l.
1162 3659 1224 3707 rele-

160 3741 296 3802 argentario
306 3738 481 3802 solvebat‚qui
496 3739 584 3786 deiude
597 3757 669 3803 pecu·
710 3739 813 3786 rendum
830 3737 934 3785 ridetur.
955 3739 1074 3786 Caeterum
1093 3738 1225 3786 attribuere

160 3818 224 3865 niam
234 3819 323 3866 illama
335 3827 455 3880 quaestore
467 3828 491 3865 et
505 3819 589 3865 aerario
601 3834 668 3882 repe·
706 3817 838 3882 pertusiam
857 3827 894 3862 est
910 3814 982 3862 etiam
1000 3815 1136 3879 assignare,
1148 3834 1223 3880 germ.

160 3907 230 3945 teret.
247 3897 295 3945 Sed
315 3897 402 3944 dubito
422 3896 549 3956 nonnihil,
568 3914 599 3944 an
613 3897 666 3945 hirc
710 3896 846 3951 auweisen,
865 3897 927 3953 XL,
944 3895 993 3952 46,
1012 3895 1057 3954 513
1075 3897 1164 3953 XLIV,
1182 3899 1222 3946 16.

160 3977 191 4022 sit
204 3976 321 4024 sententia
332 3975 402 4024 Livii.
418 3976 481 4023 Nam
494 3992 543 4038 quo
556 3977 666 4040 ambages
710 3976 854 4024 Conf.Va1r.
863 3974 931 4037 Liug.
941 3973 983 4022 lat.
991 3975 1036 4034 IV,
1045 3981 1087 4033 42,
1095 3985 1119 4022 et
1127 3976 1221 4024 Ascon.

161 4055 213 4103 illas
226 4055 252 4104 iu
269 4055 314 4103 bae
328 4057 371 4102 re?
389 4065 413 4102 et
433 4071 475 4102 cur
494 4067 601 4117 quaestor
613 4056 666 4120 ipsc
711 4055 741 4105 ad
753 4056 880 4106 Cic.Vcrr.
891 4055 919 4112 1,
932 4054 971 4103 13.
