2782 4568
315 202 321 231 l

164 277 207 352 te
583 288 620 354 tr.
654 290 793 356 mvn
1067 269 1190 374 llll.

157 401 261 474 riculi
279 402 373 491 lore,
388 401 619 494 estimantes,
637 409 777 504 integro
793 405 932 493 bello⁷,¹
941 430 1117 502 nusquam
1135 423 1217 480 ante

157 512 275 583 libatis
292 512 447 600 viribus,
465 517 603 585 Italiam
621 515 896 613 aggrediendam
915 530 1073 586 censent.
1093 518 1217 587 Multi-

157 622 245 694 tudo
260 623 408 694 timebat
421 623 569 721 quidem
584 625 744 714 bostem,
758 625 923 696 nondum
938 625 1126 697 obliterata
1139 652 1218 699 me-

157 735 270 804 moria
289 737 484 831 superioris
498 734 606 805 belli:
626 736 687 806 sed
707 738 819 833 magis
838 738 907 807 iter
925 739 1140 807 immensum
1155 739 1217 809 Al-

156 869 295 942 pesque
310 842 343 933 ⁸,
371 870 448 917 rem
478 843 569 916 fama
596 848 722 942 utique
752 848 949 943 inexpertis
976 846 1217 935 horrendam,

157 952 354 1026 metuebat.
1049 1036 1051 1041 Ι

170 1081 173 1088 ’
205 1070 313 1135 XXX.
343 1070 469 1161 Itaque
496 1063 695 1154 Hannibal,
724 1079 915 1162 postquam
945 1067 1010 1162 ipsi
1041 1069 1219 1136 sententia

157 1177 275 1246 stetit¹
289 1201 436 1273 pergere
449 1177 518 1262 ire,
531 1190 639 1271 atque
651 1175 788 1246 Italiam
803 1192 943 1273 petere,
954 1177 1124 1247 advocata
1139 1200 1222 1246 con·

157 1287 277 1374 cione,
288 1288 385 1356 varie
399 1284 551 1355 militum
563 1299 681 1355 versat
696 1287 835 1355 animos
845 1297 859 1328 ²
870 1284 1075 1382 castigando
1088 1283 1218 1354 adhor-

156 1395 353 1491 tandoque.
374 1400 506 1464 Mirari
521 1419 575 1480 se,
594 1400 747 1489 quinam
762 1412 915 1492 pectora
937 1421 1077 1492 semper
1102 1399 1219 1491 impa-

157 1503 238 1573 vida
262 1529 387 1600 repens
406 1518 519 1573 terror
537 1508 713 1574 invaserit
741 1509 813 1573 Per
831 1520 882 1575 tot
899 1531 1016 1576 annos
1038 1509 1220 1574 vt'ncentes

156 1635 218 1680 eos
235 1610 413 1707 stipendia
419 1613 566 1701 sacere;
585 1636 701 1707 neque
715 1627 801 1682 ante
813 1617 995 1710 Hispania
1010 1619 1217 1698 excessisse,

157 1746 270 1818 quam
289 1745 411 1790 omnes
422 1736 615 1816 gentesque
628 1736 663 1790 et
678 1737 783 1791 terrae
796 1745 867 1802 ece,
887 1746 978 1816 quas
991 1722 1065 1790 duo
1080 1723 1221 1791 diversa

156 1826 295 1898 νηιιιίἀ3
310 1828 591 1924 amplectantur,
608 1829 954 1924 Carthaginiensium
972 1845 1095 1899 essent.
1116 1831 1221 1898 Incli-

153 1955 283 2034 gnatos
302 1939 446 2024 deinde,
468 1940 587 2035 qaod,
606 1945 824 2035 quicumque
842 1943 1040 2033 Saguntum
1058 1938 1220 2009 obsedis-

155 2066 245 2134 sent,
266 2049 367 2120 velut
387 2049 434 2120 ob
460 2074 617 2135 noscam,
639 2049 707 2120 sibi
732 2048 820 2119 decli
839 2047 1041 2146 postularet
1056 2046 1222 2144 populus

157 2183 348 2246 romanus,
365 2159 509 2231 Iberum
525 2162 702 2256 trajecisse
719 2158 773 2229 ad
788 2157 984 2229 delendam
1002 2182 1133 2228 nomen
1145 2163 1222 2228 Bo-

155 2294 367 2357 manorum‚
397 2269 694 2366 liberandumque
725 2268 848 2339 orbem
882 2284 1059 2337 terrarum
1072 2270 1097 2337 ⁴.
1129 2273 1221 2337 Tum

155 2384 288 2448 nemini
303 2385 423 2449 visum
445 2379 485 2448 id
507 2379 674 2475 longum,
696 2403 810 2474 quum
830 2378 878 2447 ab
904 2401 1034 2448 occasu
1060 2377 1145 2448 solis
1169 2378 1224 2446 ad

156 2504 303 2558 exortus
322 2488 543 2558 intenderent
560 2495 635 2557 iter.
654 2494 780 2574 Nunc,
792 2503 994 2584 postquam
1010 2486 1125 2557 multo
1145 2512 1222 2556 ma-

147 2597 269 2689 jorem
286 2615 431 2694 partem
453 2603 586 2668 itineris
605 2623 787 2668 emensam
810 2613 979 2681 cernant,
1006 2603 1223 2690 Pyrenaeum

155 2704 286 2776 saltum
309 2714 401 2777 inter
408 2709 656 2798 ferocissimas
677 2724 799 2804 gentes
821 2724 1047 2805 superatum,
1072 2704 1222 2775 Rhoda-

155 2841 263 2900 num,
288 2832 427 2888 tantum
449 2842 615 2902 amnem,
640 2832 692 2887 tot
712 2816 867 2888 millibus
885 2813 1078 2888 Gallorum
1091 2814 1220 2911 prohi-

154 3001 309 3049 Mitliridates
329 3013 353 3048 et
375 3001 559 3058 Mithradates,
586 2994 666 3054 lvde-
710 3005 773 3068 perti
787 3001 1061 3060 fuerant‚liorrendam.
1076 3001 1167 3050 Confer
1177 3002 1218 3050 Sil.

155 3079 231 3140 ὅάλης
255 3093 279 3129 et
305 3081 431 3138 Indibilis,
457 3082 620 3146 Hampsicora
642 3092 668 3129 et
712 3085 750 3128 HI
757 3116 763 3139 ‚
779 3092 827 3142 477
843 3099 894 3144 seq.

154 3159 345 3225 Hampsacoras,
356 3159 461 3215 Κατάνῃ
472 3172 496 3208 et
506 3157 610 3218 Catina5
622 3163 666 3210 Gr.
746 3161 806 3208 Car.
819 3162 906 3208 XXX.
919 3175 939 3205 1.
951 3159 1004 3223 Ipsi
1012 3157 1130 3205 sententia
1141 3157 1206 3204 stetit
1211 3176 1221 3214 ,·

156 3239 248 3287 Matali
260 3250 284 3286 et
297 3239 391 3287 Macoli
402 3240 427 3287 h.
440 3240 457 3286 l.
471 3240 581 3303 plerique
595 3242 665 3288 MSS.
681 3301 683 3306 .
712 3239 811 3286 vidend
824 3241 868 3297 tv,
885 3240 925 3295 13,
937 3255 962 3286 n.
975 3237 999 3283 6.

192 3335 214 3379 7.
229 3321 327 3383 Integra
339 3318 400 3366 bello
413 3317 488 3382 (vide
502 3319 533 3365 ad
544 3321 585 3377 11,
600 3320 624 3377 5,
640 3336 665 3367 n.
747 3335 771 3364 a.
787 3317 859 3364 Varie
873 3317 975 3364 militurn
989 3326 1074 3362 versat
1089 3315 1184 3361 animos
1200 3332 1221 3360 c.

157 3395 196 3461 1),
208 3413 327 3460 nusquam
338 3409 396 3444 ante
409 3396 490 3444 libatis
503 3397 609 3453 viribus,
625 3398 668 3444 im·
711 3414 752 3454 a.,·
764 3397 820 3442 vide
833 3396 865 3442 ad
881 3398 918 3452 ll,
932 3396 977 3452 45,
988 3411 1014 3442 n.
1025 3396 1050 3442 6.
1069 3394 1141 3443 Conf.
1157 3394 1224 3440 simi-

155 3477 254 3524 minutis
263 3476 362 3538 praelio,
373 3477 413 3524 vel
422 3477 528 3523 tentatie.
539 3503 572 3512 ·-
581 3476 665 3523 Multi·
710 3475 741 3522 lis
753 3475 831 3521 oratio
844 3473 987 3521 Hannibalis
1005 3489 1044 3535 ap.
1064 3473 1154 3537 Polyb.
1172 3474 1225 3532 111,

156 3557 230 3611 tudo,
242 3555 331 3603 milites
344 3554 498 3603 Hannibalis.
714 3561 760 3610 44,
774 3563 799 3599 et
810 3552 851 3598 Sil.
864 3554 918 3609 111,
933 3552 980 3598 503
995 3568 1047 3613 seq.

191 3635 215 3682 8.
228 3635 280 3679 Iter
293 3634 432 3680 immensum
443 3634 577 3697 Alpesque,
589 3631 636 3678 iter
648 3631 666 3676 i.
748 3631 770 3676 3.
782 3632 837 3675 Duo
849 3629 943 3676 diversa
952 3629 1047 3685 maria,
1058 3628 1186 3676 Mediterr.
1200 3642 1226 3676 et

155 3725 222 3760 trans
237 3712 329 3775 Alpes,
346 3729 396 3758 rem
406 3710 495 3775 fama,
514 3711 547 3757 ob
566 3709 667 3765 famam,
711 3710 838 3764 Oceanus,
852 3709 927 3754 Doer.

154 3801 257 3856 propter
267 3806 306 3847 ea,
316 3808 369 3853 quae
380 3790 411 3838 de
420 3791 537 3855 Alpibus,
546 3788 667 3850 hujusque
748 3794 771 3841 4.
784 3785 994 3848 Liberandamque
1001 3787 1082 3832 orbem
1091 3796 1221 3842 terrarum,

154 3867 250 3917 itineris
262 3866 447 3916 difficultatibus
453 3867 575 3916 narrando
584 3867 667 3915 audita
711 3865 805 3912 scilieet
814 3856 944 3921 servitute,
957 3881 1003 3927 qua
1017 3879 1070 3910 eum
1083 3862 1222 3924 opprimere

155 3958 236 4004 erant,
255 3945 337 4008 atique
351 3945 421 4011 (vide
436 3948 468 3994 ad
479 3949 518 4006 11,
533 3949 579 4005 30,
590 3962 617 3994 ιι.
637 3944 665 4009 1)
711 3946 811 4008 cupiant
830 3943 942 3990 Romani.
959 3970 994 3978 -
1007 3942 1046 3988 Ab
1062 3956 1151 3986 occasa
1165 3943 1223 3990 solis

154 4024 297 4091 inexpertis,
312 4024 356 4081 iis,
370 4025 412 4087 qui
427 4025 479 4073 bac
495 4025 606 4075 nondum
622 4039 664 4072 ex·
709 4023 746 4069 ad
753 4033 851 4069 exortus
866 4020 905 4086 (al,
920 4033 1014 4075 ortum;
1024 4020 1086 4066 forte
1096 4021 1230 4084 exornant)
