<?xml version="1.0" encoding="UTF-8"?>
<!DOCTYPE html PUBLIC "-//W3C//DTD XHTML 1.0 Transitional//EN"
    "http://www.w3.org/TR/xhtml1/DTD/xhtml1-transitional.dtd">
<html xmlns="http://www.w3.org/1999/xhtml" xml:lang="en" lang="en">
 <head>
  <title>
</title>
<meta http-equiv="Content-Type" content="text/html;charset=utf-8" />
  <meta name='ocr-system' content='tesseract 3.04.00' />
  <meta name='ocr-capabilities' content='ocr_page ocr_carea ocr_par ocr_line ocrx_word'/>
</head>
<body>
  <div class='ocr_page' id='page_1' title='image "./titusliviuspata06freigoog_0281.png"; bbox 0 0 2782 4568; ppageno 0'>
   <div class='ocr_carea' id='block_1_1' title="bbox 124 312 1274 2313">
    <p class='ocr_par' dir='ltr' id='par_1_1' title="bbox 124 312 1274 2313">
     <span class='ocr_line' id='line_1_1' title="bbox 189 312 1226 430; baseline 0.008 -26"><span class='ocrx_word' id='word_1_1' title='bbox 189 336 258 430; x_wconf 65' lang='lat'>274</span> <span class='ocrx_word' id='word_1_2' title='bbox 610 330 647 394; x_wconf 76' lang='lat' dir='ltr'>r.</span> <span class='ocrx_word' id='word_1_3' title='bbox 681 328 821 395; x_wconf 77' lang='lat' dir='ltr'>mvn</span> <span class='ocrx_word' id='word_1_4' title='bbox 1096 312 1226 415; x_wconf 63' lang='lat' dir='ltr'>atta:</span> 
     </span>
     <span class='ocr_line' id='line_1_2' title="bbox 184 445 1251 546; baseline -0.001 -24"><span class='ocrx_word' id='word_1_5' title='bbox 184 467 346 527; x_wconf 85' lang='lat' dir='ltr'>«statum</span> <span class='ocrx_word' id='word_1_6' title='bbox 372 450 513 546; x_wconf 87' lang='lat' dir='ltr'>loquuti</span> <span class='ocrx_word' id='word_1_7' title='bbox 538 448 632 520; x_wconf 90' lang='lat' dir='ltr'>estis.</span> <span class='ocrx_word' id='word_1_8' title='bbox 660 445 757 537; x_wconf 84' lang='lat' dir='ltr'>Quid</span> <span class='ocrx_word' id='word_1_9' title='bbox 785 449 882 517; x_wconf 90' lang='lat' dir='ltr'>enim</span> <span class='ocrx_word' id='word_1_10' title='bbox 907 446 1012 517; x_wconf 91' lang='lat' dir='ltr'>nobis</span> <span class='ocrx_word' id='word_1_11' title='bbox 1036 448 1080 518; x_wconf 90' lang='lat' dir='ltr'>ad</span> <span class='ocrx_word' id='word_1_12' title='bbox 1104 453 1251 526; x_wconf 76' lang='lat' dir='ltr'>Cannas</span> 
     </span>
     <span class='ocr_line' id='line_1_3' title="bbox 182 557 1252 658; baseline 0.002 -26"><span class='ocrx_word' id='word_1_13' title='bbox 182 565 377 636; x_wconf 88' lang='lat' dir='ltr'>«relictum</span> <span class='ocrx_word' id='word_1_14' title='bbox 396 576 465 647; x_wconf 89' lang='lat' dir='ltr'>est,</span> <span class='ocrx_word' id='word_1_15' title='bbox 486 573 544 647; x_wconf 86' lang='lat' dir='ltr'>ut,</span> <span class='ocrx_word' id='word_1_16' title='bbox 564 559 667 655; x_wconf 81' lang='lat' dir='ltr'>quasi</span> <span class='ocrx_word' id='word_1_17' title='bbox 685 557 821 655; x_wconf 90' lang='lat' dir='ltr'>aliquid</span> <span class='ocrx_word' id='word_1_18' title='bbox 839 557 1054 648; x_wconf 86' lang='lat' dir='ltr'>habeamus,</span> <span class='ocrx_word' id='word_1_19' title='bbox 1070 559 1125 644; x_wconf 87' lang='lat' dir='ltr'>id,</span> <span class='ocrx_word' id='word_1_20' title='bbox 1143 564 1252 658; x_wconf 86' lang='lat' dir='ltr'>quod</span> 
     </span>
     <span class='ocr_line' id='line_1_4' title="bbox 181 669 1248 770; baseline 0 -26"><span class='ocrx_word' id='word_1_21' title='bbox 181 679 334 763; x_wconf 76' lang='lat' dir='ltr'>«deest,</span> <span class='ocrx_word' id='word_1_22' title='bbox 356 672 494 770; x_wconf 87' lang='lat' dir='ltr'>expleri</span> <span class='ocrx_word' id='word_1_23' title='bbox 508 670 553 741; x_wconf 87' lang='lat' dir='ltr'>ab</span> <span class='ocrx_word' id='word_1_24' title='bbox 574 672 678 740; x_wconf 89' lang='lat' dir='ltr'>sociis</span> <span class='ocrx_word' id='word_1_25' title='bbox 697 670 871 741; x_wconf 77' lang='lat' dir='ltr'>velimus?</span> <span class='ocrx_word' id='word_1_26' title='bbox 889 669 1031 740; x_wconf 84' lang='lat' dir='ltr'><strong>Pedites</strong></span> <span class='ocrx_word' id='word_1_27' title='bbox 1051 669 1156 742; x_wconf 90' lang='lat' dir='ltr'>vobis</span> <span class='ocrx_word' id='word_1_28' title='bbox 1176 674 1248 745; x_wconf 90' lang='lat' dir='ltr'>im·</span> 
     </span>
     <span class='ocr_line' id='line_1_5' title="bbox 180 780 1244 888; baseline -0.002 -32"><span class='ocrx_word' id='word_1_29' title='bbox 180 823 197 856; x_wconf 84' lang='lat'>«</span> <span class='ocrx_word' id='word_1_30' title='bbox 211 811 404 888; x_wconf 85' lang='lat' dir='ltr'>peremus,</span> <span class='ocrx_word' id='word_1_31' title='bbox 429 799 603 879; x_wconf 88' lang='lat' dir='ltr'>tanquam</span> <span class='ocrx_word' id='word_1_32' title='bbox 637 784 778 879; x_wconf 88' lang='lat' dir='ltr'>equites</span> <span class='ocrx_word' id='word_1_33' title='bbox 805 780 1027 853; x_wconf 79' lang='lat' dir='ltr'>habeamus?</span> <span class='ocrx_word' id='word_1_34' title='bbox 1050 783 1244 878; x_wconf 85' lang='lat' dir='ltr'>pecuniam</span> 
     </span>
     <span class='ocr_line' id='line_1_6' title="bbox 178 891 1245 989; baseline -0.001 -24"><span class='ocrx_word' id='word_1_35' title='bbox 178 931 195 966; x_wconf 86' lang='lat'>«</span> <span class='ocrx_word' id='word_1_36' title='bbox 209 901 334 971; x_wconf 85' lang='lat' dir='ltr'>deesse</span> <span class='ocrx_word' id='word_1_37' title='bbox 348 895 526 982; x_wconf 87' lang='lat' dir='ltr'>dieamus,</span> <span class='ocrx_word' id='word_1_38' title='bbox 540 908 714 989; x_wconf 87' lang='lat' dir='ltr'>tanquam</span> <span class='ocrx_word' id='word_1_39' title='bbox 727 915 770 962; x_wconf 86' lang='lat' dir='ltr'>ea</span> <span class='ocrx_word' id='word_1_40' title='bbox 782 905 924 961; x_wconf 89' lang='lat' dir='ltr'>tantum</span> <span class='ocrx_word' id='word_1_41' title='bbox 940 891 1054 962; x_wconf 79' lang='lat' dir='ltr'>desit?</span> <span class='ocrx_word' id='word_1_42' title='bbox 1067 891 1181 981; x_wconf 90' lang='lat' dir='ltr'>Nihil,</span> <span class='ocrx_word' id='word_1_43' title='bbox 1197 919 1245 971; x_wconf 83' lang='lat' dir='ltr'>ne</span> 
     </span>
     <span class='ocr_line' id='line_1_7' title="bbox 176 1000 1241 1107; baseline 0.001 -33"><span class='ocrx_word' id='word_1_44' title='bbox 176 1008 310 1107; x_wconf 87' lang='lat' dir='ltr'>«quod</span> <span class='ocrx_word' id='word_1_45' title='bbox 329 1005 579 1104; x_wconf 87' lang='lat' dir='ltr'>suppleremus</span> <span class='ocrx_word' id='word_1_46' title='bbox 602 1002 768 1100; x_wconf 90' lang='lat' dir='ltr'>quidem,</span> <span class='ocrx_word' id='word_1_47' title='bbox 790 1000 896 1073; x_wconf 90' lang='lat' dir='ltr'>nobis</span> <span class='ocrx_word' id='word_1_48' title='bbox 918 1001 1067 1097; x_wconf 90' lang='lat' dir='ltr'>reliquit</span> <span class='ocrx_word' id='word_1_49' title='bbox 1083 1000 1241 1075; x_wconf 84' lang='lat' dir='ltr'>fortuna.</span> 
     </span>
     <span class='ocr_line' id='line_1_8' title="bbox 174 1111 1243 1217; baseline -0.01 -26"><span class='ocrx_word' id='word_1_50' title='bbox 174 1119 398 1217; x_wconf 84' lang='lat' dir='ltr'>«Legiones,</span> <span class='ocrx_word' id='word_1_51' title='bbox 413 1115 611 1212; x_wconf 87' lang='lat' dir='ltr'>equitatus,</span> <span class='ocrx_word' id='word_1_52' title='bbox 629 1136 742 1198; x_wconf 90' lang='lat' dir='ltr'>arma,</span> <span class='ocrx_word' id='word_1_53' title='bbox 758 1112 876 1208; x_wconf 85' lang='lat' dir='ltr'>signa,</span> <span class='ocrx_word' id='word_1_54' title='bbox 892 1112 978 1207; x_wconf 91' lang='lat' dir='ltr'>equi</span> <span class='ocrx_word' id='word_1_55' title='bbox 995 1111 1156 1207; x_wconf 86' lang='lat' dir='ltr'>virique,</span> <span class='ocrx_word' id='word_1_56' title='bbox 1178 1137 1243 1209; x_wconf 88' lang='lat' dir='ltr'>pe·</span> 
     </span>
     <span class='ocr_line' id='line_1_9' title="bbox 172 1218 1241 1317; baseline -0.002 -22"><span class='ocrx_word' id='word_1_57' title='bbox 172 1262 189 1296; x_wconf 87' lang='lat'>«</span> <span class='ocrx_word' id='word_1_58' title='bbox 204 1232 327 1317; x_wconf 83' lang='lat' dir='ltr'>cuma,</span> <span class='ocrx_word' id='word_1_59' title='bbox 339 1236 577 1312; x_wconf 89' lang='lat' dir='ltr'>commeatus,</span> <span class='ocrx_word' id='word_1_60' title='bbox 592 1237 654 1294; x_wconf 89' lang='lat' dir='ltr'>aut</span> <span class='ocrx_word' id='word_1_61' title='bbox 669 1223 706 1291; x_wconf 94' lang='lat' dir='ltr'>in</span> <span class='ocrx_word' id='word_1_62' title='bbox 722 1221 813 1307; x_wconf 85' lang='lat' dir='ltr'>acie,</span> <span class='ocrx_word' id='word_1_63' title='bbox 827 1234 890 1291; x_wconf 84' lang='lat' dir='ltr'>aut</span> <span class='ocrx_word' id='word_1_64' title='bbox 904 1218 1000 1290; x_wconf 91' lang='lat' dir='ltr'>binis</span> <span class='ocrx_word' id='word_1_65' title='bbox 1013 1235 1160 1316; x_wconf 88' lang='lat' dir='ltr'>postero</span> <span class='ocrx_word' id='word_1_66' title='bbox 1180 1221 1241 1294; x_wconf 92' lang='lat' dir='ltr'>die</span> 
     </span>
     <span class='ocr_line' id='line_1_10' title="bbox 172 1329 1239 1430; baseline -0.002 -26"><span class='ocrx_word' id='word_1_67' title='bbox 172 1340 340 1410; x_wconf 85' lang='lat' dir='ltr'>«amissis</span> <span class='ocrx_word' id='word_1_68' title='bbox 359 1336 482 1408; x_wconf 88' lang='lat' dir='ltr'>castris</span> <span class='ocrx_word' id='word_1_69' title='bbox 500 1334 698 1430; x_wconf 87' lang='lat' dir='ltr'>perierunt.</span> <span class='ocrx_word' id='word_1_70' title='bbox 720 1335 848 1427; x_wconf 91' lang='lat' dir='ltr'>Itaque</span> <span class='ocrx_word' id='word_1_71' title='bbox 870 1352 945 1398; x_wconf 91' lang='lat' dir='ltr'>non</span> <span class='ocrx_word' id='word_1_72' title='bbox 961 1329 1094 1423; x_wconf 83' lang='lat' dir='ltr'>juvetis</span> <span class='ocrx_word' id='word_1_73' title='bbox 1112 1355 1179 1400; x_wconf 91' lang='lat' dir='ltr'>nos</span> <span class='ocrx_word' id='word_1_74' title='bbox 1201 1333 1239 1402; x_wconf 93' lang='lat' dir='ltr'>in</span> 
     </span>
     <span class='ocr_line' id='line_1_11' title="bbox 170 1437 1274 1542; baseline -0.002 -28"><span class='ocrx_word' id='word_1_75' title='bbox 170 1481 187 1514; x_wconf 88' lang='grc'>«</span> <span class='ocrx_word' id='word_1_76' title='bbox 203 1448 301 1520; x_wconf 89' lang='lat' dir='ltr'>bello</span> <span class='ocrx_word' id='word_1_77' title='bbox 317 1457 479 1542; x_wconf 86' lang='lat' dir='ltr'>oportet,</span> <span class='ocrx_word' id='word_1_78' title='bbox 496 1442 690 1538; x_wconf 86' lang='lat' dir='ltr'>Campani,</span> <span class='ocrx_word' id='word_1_79' title='bbox 705 1437 769 1510; x_wconf 88' lang='lat' dir='ltr'>sed</span> <span class='ocrx_word' id='word_1_80' title='bbox 787 1462 887 1536; x_wconf 84' lang='lat' dir='ltr'>paene</span> <span class='ocrx_word' id='word_1_81' title='bbox 896 1438 1034 1509; x_wconf 89' lang='lat' dir='ltr'>bellum</span> <span class='ocrx_word' id='word_1_82' title='bbox 1051 1463 1119 1537; x_wconf 93' lang='lat' dir='ltr'>pro</span> <span class='ocrx_word' id='word_1_83' title='bbox 1132 1439 1239 1512; x_wconf 89' lang='lat' dir='ltr'>nobis</span> <span class='ocrx_word' id='word_1_84' title='bbox 1268 1524 1274 1541; x_wconf 33' lang='grc' dir='ltr'><strong><em>Ι</em></strong></span> 
     </span>
     <span class='ocr_line' id='line_1_12' title="bbox 169 1548 1238 1655; baseline -0.005 -30"><span class='ocrx_word' id='word_1_85' title='bbox 169 1591 186 1625; x_wconf 89' lang='grc'>«</span> <span class='ocrx_word' id='word_1_86' title='bbox 201 1557 410 1655; x_wconf 89' lang='lat' dir='ltr'>suscipiatis.</span> <span class='ocrx_word' id='word_1_87' title='bbox 420 1553 553 1626; x_wconf 87' lang='lat' dir='ltr'>Veniat</span> <span class='ocrx_word' id='word_1_88' title='bbox 570 1552 609 1620; x_wconf 92' lang='lat' dir='ltr'>in</span> <span class='ocrx_word' id='word_1_89' title='bbox 623 1564 803 1637; x_wconf 88' lang='lat' dir='ltr'>mentem,</span> <span class='ocrx_word' id='word_1_90' title='bbox 819 1564 860 1620; x_wconf 91' lang='lat' dir='ltr'>ut</span> <span class='ocrx_word' id='word_1_91' title='bbox 874 1548 1033 1647; x_wconf 84' lang='lat' dir='ltr'>trepidos</span> <span class='ocrx_word' id='word_1_92' title='bbox 1050 1549 1238 1646; x_wconf 81' lang='lat' dir='ltr'>quondam</span> 
     </span>
     <span class='ocr_line' id='line_1_13' title="bbox 168 1661 1237 1764; baseline -0.001 -31"><span class='ocrx_word' id='word_1_93' title='bbox 168 1701 185 1735; x_wconf 71' lang='lat' dir='ltr'>a</span> <span class='ocrx_word' id='word_1_94' title='bbox 198 1669 352 1764; x_wconf 91' lang='lat' dir='ltr'>majores</span> <span class='ocrx_word' id='word_1_95' title='bbox 367 1679 505 1735; x_wconf 85' lang='lat' dir='ltr'>vestros</span> <span class='ocrx_word' id='word_1_96' title='bbox 521 1663 616 1732; x_wconf 89' lang='lat' dir='ltr'>intra</span> <span class='ocrx_word' id='word_1_97' title='bbox 636 1661 771 1731; x_wconf 89' lang='lat' dir='ltr'>moenia</span> <span class='ocrx_word' id='word_1_98' title='bbox 793 1661 1018 1757; x_wconf 91' lang='lat' dir='ltr'>compulsos,</span> <span class='ocrx_word' id='word_1_99' title='bbox 1044 1665 1113 1730; x_wconf 90' lang='lat' dir='ltr'>nec</span> <span class='ocrx_word' id='word_1_100' title='bbox 1134 1665 1237 1732; x_wconf 89' lang='lat' dir='ltr'>Sam·</span> 
     </span>
     <span class='ocr_line' id='line_1_14' title="bbox 124 1768 1235 1875; baseline -0.002 -31"><span class='ocrx_word' id='word_1_101' title='bbox 124 1869 126 1875; x_wconf 20' lang='lat'><strong><em>¹</em></strong></span> <span class='ocrx_word' id='word_1_102' title='bbox 167 1811 183 1844; x_wconf 87' lang='lat'>«</span> <span class='ocrx_word' id='word_1_103' title='bbox 197 1781 309 1850; x_wconf 89' lang='lat' dir='ltr'>nitem</span> <span class='ocrx_word' id='word_1_104' title='bbox 326 1772 612 1874; x_wconf 69' lang='lat' dir='ltr'>modohostem,</span> <span class='ocrx_word' id='word_1_105' title='bbox 629 1770 691 1841; x_wconf 92' lang='lat' dir='ltr'>sed</span> <span class='ocrx_word' id='word_1_106' title='bbox 711 1771 819 1840; x_wconf 89' lang='lat' dir='ltr'>etiam</span> <span class='ocrx_word' id='word_1_107' title='bbox 833 1769 1028 1841; x_wconf 90' lang='lat' dir='ltr'>Sidicinum</span> <span class='ocrx_word' id='word_1_108' title='bbox 1043 1768 1235 1867; x_wconf 75' lang='lat' dir='ltr'>paventes,</span> 
     </span>
     <span class='ocr_line' id='line_1_15' title="bbox 168 1878 1233 1982; baseline 0 -30"><span class='ocrx_word' id='word_1_109' title='bbox 168 1900 365 1982; x_wconf 89' lang='lat' dir='ltr'>«receptos</span> <span class='ocrx_word' id='word_1_110' title='bbox 392 1885 430 1952; x_wconf 92' lang='lat' dir='ltr'>in</span> <span class='ocrx_word' id='word_1_111' title='bbox 459 1880 568 1953; x_wconf 87' lang='lat' dir='ltr'>fidem</span> <span class='ocrx_word' id='word_1_112' title='bbox 593 1880 690 1978; x_wconf 89' lang='lat' dir='ltr'>apud</span> <span class='ocrx_word' id='word_1_113' title='bbox 714 1880 905 1950; x_wconf 87' lang='lat' dir='ltr'>Saticulam</span> <span class='ocrx_word' id='word_1_114' title='bbox 928 1878 1197 1952; x_wconf 79' lang='lat' dir='ltr'>defenderimus</span> <span class='ocrx_word' id='word_1_115' title='bbox 1207 1892 1233 1970; x_wconf 76' lang='lat'>⁸,</span> 
     </span>
     <span class='ocr_line' id='line_1_16' title="bbox 166 1988 1233 2094; baseline 0.002 -33"><span class='ocrx_word' id='word_1_116' title='bbox 166 2009 432 2094; x_wconf 80' lang='lat' dir='ltr'>«coeptumque</span> <span class='ocrx_word' id='word_1_117' title='bbox 465 2005 614 2090; x_wconf 89' lang='lat' dir='ltr'>propter</span> <span class='ocrx_word' id='word_1_118' title='bbox 640 2014 704 2060; x_wconf 85' lang='lat' dir='ltr'>vos</span> <span class='ocrx_word' id='word_1_119' title='bbox 731 2013 815 2060; x_wconf 91' lang='lat' dir='ltr'>cum</span> <span class='ocrx_word' id='word_1_120' title='bbox 837 1988 1079 2070; x_wconf 75' lang='lat' dir='ltr'>&#39;Samnitibus</span> <span class='ocrx_word' id='word_1_121' title='bbox 1093 1989 1233 2063; x_wconf 91' lang='lat' dir='ltr'>bellum</span> 
     </span>
     <span class='ocr_line' id='line_1_17' title="bbox 165 2096 1232 2205; baseline 0.001 -34"><span class='ocrx_word' id='word_1_122' title='bbox 165 2138 182 2172; x_wconf 72' lang='lat' dir='ltr'>a</span> <span class='ocrx_word' id='word_1_123' title='bbox 196 2131 263 2205; x_wconf 90' lang='lat' dir='ltr'>per</span> <span class='ocrx_word' id='word_1_124' title='bbox 270 2119 416 2178; x_wconf 90' lang='lat' dir='ltr'>centum</span> <span class='ocrx_word' id='word_1_125' title='bbox 428 2125 543 2201; x_wconf 85' lang='lat' dir='ltr'>prope</span> <span class='ocrx_word' id='word_1_126' title='bbox 556 2124 671 2171; x_wconf 88' lang='lat' dir='ltr'>annos</span> <span class='ocrx_word' id='word_1_127' title='bbox 681 2097 707 2186; x_wconf 79' lang='lat'>³,</span> <span class='ocrx_word' id='word_1_128' title='bbox 715 2100 876 2170; x_wconf 86' lang='lat' dir='ltr'>variante</span> <span class='ocrx_word' id='word_1_129' title='bbox 888 2097 1036 2170; x_wconf 86' lang='lat' dir='ltr'>fortuna</span> <span class='ocrx_word' id='word_1_130' title='bbox 1045 2096 1232 2189; x_wconf 87' lang='lat' dir='ltr'>eventum,</span> 
     </span>
     <span class='ocr_line' id='line_1_18' title="bbox 165 2207 1239 2313; baseline 0.001 -31"><span class='ocrx_word' id='word_1_131' title='bbox 165 2216 396 2288; x_wconf 88' lang='lat' dir='ltr'>«tulerimus.</span> <span class='ocrx_word' id='word_1_132' title='bbox 416 2210 568 2306; x_wconf 86' lang='lat' dir='ltr'>Adjicite</span> <span class='ocrx_word' id='word_1_133' title='bbox 586 2209 631 2281; x_wconf 87' lang='lat' dir='ltr'>ad</span> <span class='ocrx_word' id='word_1_134' title='bbox 647 2209 738 2300; x_wconf 87' lang='lat' dir='ltr'>haec,</span> <span class='ocrx_word' id='word_1_135' title='bbox 754 2208 856 2308; x_wconf 92' lang='lat' dir='ltr'>quod</span> <span class='ocrx_word' id='word_1_136' title='bbox 867 2207 986 2280; x_wconf 87' lang='lat' dir='ltr'>foedus</span> <span class='ocrx_word' id='word_1_137' title='bbox 1003 2233 1147 2305; x_wconf 84' lang='lat' dir='ltr'>aequum</span> <span class='ocrx_word' id='word_1_138' title='bbox 1166 2210 1239 2313; x_wconf 52' lang='grc' dir='ltr'>(1(5·Δ</span> 
     </span>
    </p>
   </div>
   <div class='ocr_carea' id='block_1_2' title="bbox 160 2319 1231 2973">
    <p class='ocr_par' dir='ltr' id='par_1_2' title="bbox 160 2319 1231 2973">
     <span class='ocr_line' id='line_1_19' title="bbox 163 2319 1231 2423; baseline 0.004 -33"><span class='ocrx_word' id='word_1_139' title='bbox 163 2326 296 2413; x_wconf 89' lang='lat' dir='ltr'>«ditis,</span> <span class='ocrx_word' id='word_1_140' title='bbox 319 2323 421 2423; x_wconf 93' lang='lat' dir='ltr'>quod</span> <span class='ocrx_word' id='word_1_141' title='bbox 448 2323 545 2419; x_wconf 82' lang='lat' dir='ltr'>leges</span> <span class='ocrx_word' id='word_1_142' title='bbox 570 2322 723 2408; x_wconf 86' lang='lat' dir='ltr'>vestras,</span> <span class='ocrx_word' id='word_1_143' title='bbox 745 2319 848 2418; x_wconf 89' lang='lat' dir='ltr'>quod</span> <span class='ocrx_word' id='word_1_144' title='bbox 870 2319 917 2390; x_wconf 90' lang='lat' dir='ltr'>ad</span> <span class='ocrx_word' id='word_1_145' title='bbox 942 2334 1145 2392; x_wconf 86' lang='lat' dir='ltr'>extremum</span> <span class='ocrx_word' id='word_1_146' title='bbox 1170 2321 1231 2418; x_wconf 88' lang='lat' dir='ltr'>(id</span> 
     </span>
     <span class='ocr_line' id='line_1_20' title="bbox 162 2430 1229 2534; baseline 0.005 -35"><span class='ocrx_word' id='word_1_147' title='bbox 162 2465 179 2500; x_wconf 86' lang='lat'>«</span> <span class='ocrx_word' id='word_1_148' title='bbox 194 2435 294 2534; x_wconf 90' lang='lat' dir='ltr'>quod</span> <span class='ocrx_word' id='word_1_149' title='bbox 315 2450 398 2505; x_wconf 85' lang='lat' dir='ltr'>ante</span> <span class='ocrx_word' id='word_1_150' title='bbox 417 2456 638 2505; x_wconf 88' lang='lat' dir='ltr'>cannensem</span> <span class='ocrx_word' id='word_1_151' title='bbox 653 2445 751 2502; x_wconf 91' lang='lat' dir='ltr'>certe</span> <span class='ocrx_word' id='word_1_152' title='bbox 767 2430 906 2512; x_wconf 83' lang='lat' dir='ltr'>cladem</span> <span class='ocrx_word' id='word_1_153' title='bbox 924 2432 1120 2502; x_wconf 83' lang='lat' dir='ltr'>maximum</span> <span class='ocrx_word' id='word_1_154' title='bbox 1143 2431 1229 2528; x_wconf 83' lang='lat' dir='ltr'>fuit)</span> 
     </span>
     <span class='ocr_line' id='line_1_21' title="bbox 163 2541 1228 2640; baseline 0.004 -30"><span class='ocrx_word' id='word_1_155' title='bbox 163 2546 371 2616; x_wconf 78' lang='lat' dir='ltr'>«civitatem</span> <span class='ocrx_word' id='word_1_156' title='bbox 398 2558 560 2614; x_wconf 85' lang='lat' dir='ltr'>nostram</span> <span class='ocrx_word' id='word_1_157' title='bbox 584 2566 721 2639; x_wconf 84' lang='lat' dir='ltr'>magnae</span> <span class='ocrx_word' id='word_1_158' title='bbox 746 2543 840 2640; x_wconf 87' lang='lat' dir='ltr'>parti</span> <span class='ocrx_word' id='word_1_159' title='bbox 865 2557 1024 2614; x_wconf 88' lang='lat' dir='ltr'>vestrum</span> <span class='ocrx_word' id='word_1_160' title='bbox 1044 2541 1228 2630; x_wconf 86' lang='lat' dir='ltr'>dedimus,</span> 
     </span>
     <span class='ocr_line' id='line_1_22' title="bbox 161 2650 1228 2749; baseline 0.005 -30"><span class='ocrx_word' id='word_1_161' title='bbox 161 2686 178 2720; x_wconf 84' lang='grc'>«</span> <span class='ocrx_word' id='word_1_162' title='bbox 192 2655 611 2748; x_wconf 89' lang='lat' dir='ltr'>communicavimusque</span> <span class='ocrx_word' id='word_1_163' title='bbox 625 2650 823 2724; x_wconf 89' lang='lat' dir='ltr'>vobiscum.</span> <span class='ocrx_word' id='word_1_164' title='bbox 846 2657 973 2749; x_wconf 87' lang='lat' dir='ltr'>Itaque</span> <span class='ocrx_word' id='word_1_165' title='bbox 995 2675 1228 2724; x_wconf 88' lang='lat' dir='ltr'>communem</span> 
     </span>
     <span class='ocr_line' id='line_1_23' title="bbox 160 2762 1227 2860; baseline 0.004 -30"><span class='ocrx_word' id='word_1_166' title='bbox 160 2789 253 2835; x_wconf 87' lang='lat' dir='ltr'>«vos</span> <span class='ocrx_word' id='word_1_167' title='bbox 275 2764 370 2835; x_wconf 87' lang='lat' dir='ltr'>hanc</span> <span class='ocrx_word' id='word_1_168' title='bbox 389 2762 544 2850; x_wconf 87' lang='lat' dir='ltr'>cladem,</span> <span class='ocrx_word' id='word_1_169' title='bbox 565 2787 646 2860; x_wconf 73' lang='lat' dir='ltr'>quae</span> <span class='ocrx_word' id='word_1_170' title='bbox 669 2777 814 2860; x_wconf 85' lang='lat' dir='ltr'>acceptu</span> <span class='ocrx_word' id='word_1_171' title='bbox 837 2779 908 2848; x_wconf 89' lang='lat' dir='ltr'>est,</span> <span class='ocrx_word' id='word_1_172' title='bbox 932 2762 1098 2849; x_wconf 88' lang='lat' dir='ltr'>credere,</span> <span class='ocrx_word' id='word_1_173' title='bbox 1118 2768 1227 2835; x_wconf 86' lang='lat' dir='ltr'>Cam·</span> 
     </span>
     <span class='ocr_line' id='line_1_24' title="bbox 161 2873 1228 2973; baseline 0.004 -33"><span class='ocrx_word' id='word_1_174' title='bbox 161 2906 178 2941; x_wconf 72' lang='lat' dir='ltr'>a</span> <span class='ocrx_word' id='word_1_175' title='bbox 193 2875 296 2973; x_wconf 89' lang='lat' dir='ltr'>pani,</span> <span class='ocrx_word' id='word_1_176' title='bbox 319 2888 486 2972; x_wconf 85' lang='lat' dir='ltr'>oportet,</span> <span class='ocrx_word' id='word_1_177' title='bbox 511 2897 743 2944; x_wconf 90' lang='lat' dir='ltr'>communem</span> <span class='ocrx_word' id='word_1_178' title='bbox 765 2876 918 2970; x_wconf 88' lang='lat' dir='ltr'>patriam</span> <span class='ocrx_word' id='word_1_179' title='bbox 936 2874 1108 2946; x_wconf 88' lang='lat' dir='ltr'>tuendam</span> <span class='ocrx_word' id='word_1_180' title='bbox 1130 2873 1228 2946; x_wconf 79' lang='lat' dir='ltr'>arbi-</span> 
     </span>
    </p>
   </div>
   <div class='ocr_carea' id='block_1_3' title="bbox 89 3061 1229 4151">
    <p class='ocr_par' dir='ltr' id='par_1_3' title="bbox 89 3061 1229 4151">
     <span class='ocr_line' id='line_1_25' title="bbox 197 3061 1229 3131; baseline 0 -19"><span class='ocrx_word' id='word_1_181' title='bbox 197 3081 223 3116; x_wconf 64' lang='grc' dir='ltr'>α.</span> <span class='ocrx_word' id='word_1_182' title='bbox 246 3065 278 3112; x_wconf 79' lang='lat' dir='ltr'>Ut</span> <span class='ocrx_word' id='word_1_183' title='bbox 296 3061 402 3126; x_wconf 80' lang='lat' dir='ltr'>trepidos</span> <span class='ocrx_word' id='word_1_184' title='bbox 424 3061 548 3125; x_wconf 79' lang='lat' dir='ltr'>quondam</span> <span class='ocrx_word' id='word_1_185' title='bbox 568 3061 672 3128; x_wconf 81' lang='lat' dir='ltr'>majores</span> <span class='ocrx_word' id='word_1_186' title='bbox 754 3063 777 3111; x_wconf 85' lang='grc'>3.</span> <span class='ocrx_word' id='word_1_187' title='bbox 793 3064 947 3111; x_wconf 67' lang='lat' dir='ltr'>tercentum</span> <span class='ocrx_word' id='word_1_188' title='bbox 955 3077 1140 3131; x_wconf 57' lang='lat' dir='ltr'>propo‘annou</span> <span class='ocrx_word' id='word_1_189' title='bbox 1152 3064 1229 3123; x_wconf 83' lang='lat' dir='ltr'>immo</span> 
     </span>
     <span class='ocr_line' id='line_1_26' title="bbox 160 3130 1229 3206; baseline -0.001 -14"><span class='ocrx_word' id='word_1_190' title='bbox 160 3155 254 3192; x_wconf 79' lang='lat' dir='ltr'>vestros</span> <span class='ocrx_word' id='word_1_191' title='bbox 308 3141 378 3205; x_wconf 78' lang='lat' dir='ltr'>apud</span> <span class='ocrx_word' id='word_1_192' title='bbox 389 3139 524 3188; x_wconf 80' lang='lat' dir='ltr'>Saticulam</span> <span class='ocrx_word' id='word_1_193' title='bbox 538 3139 672 3205; x_wconf 78' lang='lat' dir='ltr'>defenderi-</span> <span class='ocrx_word' id='word_1_194' title='bbox 717 3141 787 3189; x_wconf 76' lang='lat' dir='ltr'>Lxx</span> <span class='ocrx_word' id='word_1_195' title='bbox 798 3139 878 3206; x_wconf 83' lang='lat' dir='ltr'>(conf.</span> <span class='ocrx_word' id='word_1_196' title='bbox 887 3143 988 3199; x_wconf 77' lang='lat' dir='ltr'>xxxt,</span> <span class='ocrx_word' id='word_1_197' title='bbox 1001 3141 1057 3206; x_wconf 80' lang='lat'>31);</span> <span class='ocrx_word' id='word_1_198' title='bbox 1067 3141 1110 3189; x_wconf 85' lang='lat' dir='ltr'>sed</span> <span class='ocrx_word' id='word_1_199' title='bbox 1121 3130 1229 3191; x_wconf 76' lang='lat' dir='ltr'>oratorie</span> 
     </span>
     <span class='ocr_line' id='line_1_27' title="bbox 161 3212 1229 3283; baseline 0 -13"><span class='ocrx_word' id='word_1_200' title='bbox 161 3214 214 3270; x_wconf 32' lang='lat' dir='ltr'>&#39;mus</span> <span class='ocrx_word' id='word_1_201' title='bbox 222 3240 232 3279; x_wconf 91' lang='lat'>,·</span> <span class='ocrx_word' id='word_1_202' title='bbox 242 3219 301 3268; x_wconf 86' lang='lat' dir='ltr'>vide</span> <span class='ocrx_word' id='word_1_203' title='bbox 310 3221 372 3278; x_wconf 75' lang='lat' dir='ltr'>tn,</span> <span class='ocrx_word' id='word_1_204' title='bbox 386 3235 420 3282; x_wconf 81' lang='lat'>²9</span> <span class='ocrx_word' id='word_1_205' title='bbox 431 3235 482 3283; x_wconf 84' lang='lat' dir='ltr'>sq.‚</span> <span class='ocrx_word' id='word_1_206' title='bbox 497 3220 526 3266; x_wconf 77' lang='lat' dir='ltr'>Sa</span> <span class='ocrx_word' id='word_1_207' title='bbox 543 3235 596 3281; x_wconf 83' lang='lat' dir='ltr'>sq.,</span> <span class='ocrx_word' id='word_1_208' title='bbox 607 3218 673 3265; x_wconf 88' lang='lat' dir='ltr'>unde</span> <span class='ocrx_word' id='word_1_209' title='bbox 717 3219 798 3267; x_wconf 78' lang='lat' dir='ltr'>omnia</span> <span class='ocrx_word' id='word_1_210' title='bbox 814 3212 899 3282; x_wconf 74' lang='lat' dir='ltr'>augit,</span> <span class='ocrx_word' id='word_1_211' title='bbox 913 3232 937 3268; x_wconf 85' lang='lat' dir='ltr'>et</span> <span class='ocrx_word' id='word_1_212' title='bbox 950 3231 978 3268; x_wconf 84' lang='lat' dir='ltr'>ut</span> <span class='ocrx_word' id='word_1_213' title='bbox 992 3236 1070 3268; x_wconf 80' lang='lat' dir='ltr'>causae</span> <span class='ocrx_word' id='word_1_214' title='bbox 1086 3237 1136 3272; x_wconf 75' lang='lat' dir='ltr'>sure</span> <span class='ocrx_word' id='word_1_215' title='bbox 1152 3222 1229 3273; x_wconf 80' lang='lat' dir='ltr'>inser·</span> 
     </span>
     <span class='ocr_line' id='line_1_28' title="bbox 89 3297 1228 3366; baseline -0.004 -15"><span class='ocrx_word' id='word_1_216' title='bbox 89 3322 91 3327; x_wconf 65' lang='grc'>’</span> <span class='ocrx_word' id='word_1_217' title='bbox 160 3302 235 3351; x_wconf 86' lang='lat' dir='ltr'>etiam</span> <span class='ocrx_word' id='word_1_218' title='bbox 253 3310 335 3364; x_wconf 77' lang='lat' dir='ltr'>patet,</span> <span class='ocrx_word' id='word_1_219' title='bbox 356 3298 475 3350; x_wconf 77' lang='lat' dir='ltr'>Sidicinos</span> <span class='ocrx_word' id='word_1_220' title='bbox 496 3297 570 3348; x_wconf 82' lang='lat' dir='ltr'>fuisse</span> <span class='ocrx_word' id='word_1_221' title='bbox 591 3298 672 3344; x_wconf 88' lang='lat' dir='ltr'>socios</span> <span class='ocrx_word' id='word_1_222' title='bbox 717 3298 781 3356; x_wconf 78' lang='lat' dir='ltr'>viat3</span> <span class='ocrx_word' id='word_1_223' title='bbox 799 3298 867 3349; x_wconf 73' lang='lat' dir='ltr'>alar.</span> <span class='ocrx_word' id='word_1_224' title='bbox 880 3310 905 3347; x_wconf 89' lang='lat' dir='ltr'>et</span> <span class='ocrx_word' id='word_1_225' title='bbox 921 3301 995 3348; x_wconf 89' lang='lat' dir='ltr'>Doer.</span> <span class='ocrx_word' id='word_1_226' title='bbox 1012 3325 1048 3336; x_wconf 89' lang='lat'>-·-</span> <span class='ocrx_word' id='word_1_227' title='bbox 1065 3299 1139 3362; x_wconf 81' lang='lat' dir='ltr'>Quod</span> <span class='ocrx_word' id='word_1_228' title='bbox 1141 3298 1228 3366; x_wconf 81' lang='lat' dir='ltr'>soedus</span> 
     </span>
     <span class='ocr_line' id='line_1_29' title="bbox 160 3376 1227 3446; baseline 0.002 -22"><span class='ocrx_word' id='word_1_229' title='bbox 160 3381 350 3446; x_wconf 67' lang='lat' dir='ltr'>Campanorum.</span> <span class='ocrx_word' id='word_1_230' title='bbox 367 3377 432 3429; x_wconf 81' lang='lat' dir='ltr'>Hinc</span> <span class='ocrx_word' id='word_1_231' title='bbox 448 3376 537 3435; x_wconf 71' lang='lat' dir='ltr'>miror,</span> <span class='ocrx_word' id='word_1_232' title='bbox 551 3376 672 3424; x_wconf 87' lang='lat' dir='ltr'>nemiuem</span> <span class='ocrx_word' id='word_1_233' title='bbox 716 3393 813 3443; x_wconf 73' lang='lat' dir='ltr'>&lt;equum</span> <span class='ocrx_word' id='word_1_234' title='bbox 826 3376 913 3424; x_wconf 83' lang='lat' dir='ltr'>deditis</span> <span class='ocrx_word' id='word_1_235' title='bbox 927 3377 1013 3435; x_wconf 88' lang='lat' dir='ltr'>vobis,</span> <span class='ocrx_word' id='word_1_236' title='bbox 1028 3378 1098 3442; x_wconf 82' lang='lat' dir='ltr'>quod</span> <span class='ocrx_word' id='word_1_237' title='bbox 1107 3379 1169 3444; x_wconf 80' lang='lat' dir='ltr'>leges</span> <span class='ocrx_word' id='word_1_238' title='bbox 1182 3395 1227 3426; x_wconf 80' lang='lat' dir='ltr'>ve·</span> 
     </span>
     <span class='ocr_line' id='line_1_30' title="bbox 159 3452 1227 3521; baseline 0.004 -17"><span class='ocrx_word' id='word_1_239' title='bbox 159 3461 321 3521; x_wconf 83' lang='lat' dir='ltr'>interpretum</span> <span class='ocrx_word' id='word_1_240' title='bbox 330 3455 406 3502; x_wconf 85' lang='lat' dir='ltr'>fuisse</span> <span class='ocrx_word' id='word_1_241' title='bbox 417 3455 538 3501; x_wconf 81' lang='lat' dir='ltr'>offensum</span> <span class='ocrx_word' id='word_1_242' title='bbox 549 3452 629 3500; x_wconf 81' lang='lat' dir='ltr'>verbis</span> <span class='ocrx_word' id='word_1_243' title='bbox 640 3455 673 3500; x_wconf 88' lang='lat' dir='ltr'>Si·</span> <span class='ocrx_word' id='word_1_244' title='bbox 716 3465 779 3502; x_wconf 87' lang='lat' dir='ltr'>stras</span> <span class='ocrx_word' id='word_1_245' title='bbox 796 3453 837 3519; x_wconf 92' lang='lat' dir='ltr'>(in</span> <span class='ocrx_word' id='word_1_246' title='bbox 850 3454 906 3502; x_wconf 86' lang='lat' dir='ltr'>edd.</span> <span class='ocrx_word' id='word_1_247' title='bbox 920 3465 980 3504; x_wconf 88' lang='lat' dir='ltr'>antt.</span> <span class='ocrx_word' id='word_1_248' title='bbox 995 3468 1092 3505; x_wconf 84' lang='lat' dir='ltr'>nostras</span> <span class='ocrx_word' id='word_1_249' title='bbox 1102 3472 1112 3504; x_wconf 90' lang='lat'>.·</span> <span class='ocrx_word' id='word_1_250' title='bbox 1125 3457 1170 3504; x_wconf 86' lang='lat' dir='ltr'>sed</span> <span class='ocrx_word' id='word_1_251' title='bbox 1182 3460 1227 3508; x_wconf 70' lang='lat' dir='ltr'>Cr·</span> 
     </span>
     <span class='ocr_line' id='line_1_31' title="bbox 161 3531 1228 3601; baseline 0.001 -17"><span class='ocrx_word' id='word_1_252' title='bbox 161 3536 269 3584; x_wconf 79' lang='lat' dir='ltr'>dicinum</span> <span class='ocrx_word' id='word_1_253' title='bbox 285 3544 410 3597; x_wconf 79' lang='lat' dir='ltr'>paventes.</span> <span class='ocrx_word' id='word_1_254' title='bbox 428 3533 484 3579; x_wconf 82' lang='lat' dir='ltr'>Mea</span> <span class='ocrx_word' id='word_1_255' title='bbox 503 3531 673 3597; x_wconf 79' lang='lat' dir='ltr'>qualicumque</span> <span class='ocrx_word' id='word_1_256' title='bbox 716 3549 790 3598; x_wconf 87' lang='lat' dir='ltr'>puam</span> <span class='ocrx_word' id='word_1_257' title='bbox 813 3533 920 3598; x_wconf 80' lang='lat' dir='ltr'>aliasque</span> <span class='ocrx_word' id='word_1_258' title='bbox 946 3535 1057 3584; x_wconf 83' lang='lat' dir='ltr'>civitates</span> <span class='ocrx_word' id='word_1_259' title='bbox 1082 3552 1136 3584; x_wconf 86' lang='lat' dir='ltr'>suas</span> <span class='ocrx_word' id='word_1_260' title='bbox 1161 3537 1228 3601; x_wconf 76' lang='lat' dir='ltr'>leges</span> 
     </span>
     <span class='ocr_line' id='line_1_32' title="bbox 162 3611 1228 3676; baseline 0.001 -13"><span class='ocrx_word' id='word_1_261' title='bbox 162 3614 282 3663; x_wconf 78' lang='lat' dir='ltr'>sententia</span> <span class='ocrx_word' id='word_1_262' title='bbox 304 3611 435 3676; x_wconf 84' lang='lat' dir='ltr'>legendum</span> <span class='ocrx_word' id='word_1_263' title='bbox 450 3626 456 3659; x_wconf 92' lang='lat'>:</span> <span class='ocrx_word' id='word_1_264' title='bbox 481 3627 525 3658; x_wconf 83' lang='lat' dir='ltr'>nec</span> <span class='ocrx_word' id='word_1_265' title='bbox 542 3611 673 3658; x_wconf 79' lang='lat' dir='ltr'>Samnitem</span> <span class='ocrx_word' id='word_1_266' title='bbox 716 3612 843 3671; x_wconf 80' lang='lat' dir='ltr'>habuisse,</span> <span class='ocrx_word' id='word_1_267' title='bbox 855 3625 939 3663; x_wconf 86' lang='lat' dir='ltr'>monet</span> <span class='ocrx_word' id='word_1_268' title='bbox 951 3614 1029 3672; x_wconf 62' lang='lat' dir='ltr'>Dolo,</span> <span class='ocrx_word' id='word_1_269' title='bbox 1042 3626 1068 3663; x_wconf 84' lang='lat' dir='ltr'>et</span> <span class='ocrx_word' id='word_1_270' title='bbox 1077 3619 1154 3664; x_wconf 88' lang='lat' dir='ltr'>Gron.</span> <span class='ocrx_word' id='word_1_271' title='bbox 1164 3615 1228 3664; x_wconf 89' lang='lat' dir='ltr'>illud</span> 
     </span>
     <span class='ocr_line' id='line_1_33' title="bbox 160 3689 1227 3756; baseline 0.001 -15"><span class='ocrx_word' id='word_1_272' title='bbox 160 3695 232 3741; x_wconf 88' lang='lat' dir='ltr'>modo</span> <span class='ocrx_word' id='word_1_273' title='bbox 242 3691 346 3748; x_wconf 79' lang='lat' dir='ltr'>hostem,</span> <span class='ocrx_word' id='word_1_274' title='bbox 355 3689 399 3737; x_wconf 85' lang='lat' dir='ltr'>sed</span> <span class='ocrx_word' id='word_1_275' title='bbox 406 3690 480 3737; x_wconf 87' lang='lat' dir='ltr'>etiam</span> <span class='ocrx_word' id='word_1_276' title='bbox 487 3691 622 3737; x_wconf 78' lang='lat' dir='ltr'>Romanum</span> <span class='ocrx_word' id='word_1_277' title='bbox 627 3707 672 3754; x_wconf 82' lang='lat' dir='ltr'>pa·</span> <span class='ocrx_word' id='word_1_278' title='bbox 716 3691 792 3754; x_wconf 83' lang='lat' dir='ltr'>magis</span> <span class='ocrx_word' id='word_1_279' title='bbox 803 3691 888 3739; x_wconf 83' lang='lat' dir='ltr'>decere</span> <span class='ocrx_word' id='word_1_280' title='bbox 900 3693 998 3756; x_wconf 84' lang='lat' dir='ltr'>plenam</span> <span class='ocrx_word' id='word_1_281' title='bbox 1009 3695 1144 3742; x_wconf 85' lang='lat' dir='ltr'>llhertatem</span> <span class='ocrx_word' id='word_1_282' title='bbox 1156 3693 1227 3742; x_wconf 84' lang='lat' dir='ltr'>dedi·</span> 
     </span>
     <span class='ocr_line' id='line_1_34' title="bbox 160 3768 1226 3836; baseline 0.004 -18"><span class='ocrx_word' id='word_1_283' title='bbox 160 3783 249 3826; x_wconf 76' lang='lat' dir='ltr'>ventes,</span> <span class='ocrx_word' id='word_1_284' title='bbox 264 3769 384 3836; x_wconf 83' lang='lat' dir='ltr'>populum</span> <span class='ocrx_word' id='word_1_285' title='bbox 398 3769 476 3817; x_wconf 87' lang='lat' dir='ltr'>multo</span> <span class='ocrx_word' id='word_1_286' title='bbox 490 3768 669 3835; x_wconf 87' lang='lat' dir='ltr'>potentiorem,</span> <span class='ocrx_word' id='word_1_287' title='bbox 714 3769 745 3817; x_wconf 84' lang='lat' dir='ltr'>tis</span> <span class='ocrx_word' id='word_1_288' title='bbox 767 3769 901 3830; x_wconf 85' lang='lat' dir='ltr'>redditam,</span> <span class='ocrx_word' id='word_1_289' title='bbox 921 3784 949 3820; x_wconf 92' lang='lat' dir='ltr'>ut</span> <span class='ocrx_word' id='word_1_290' title='bbox 968 3775 1051 3832; x_wconf 78' lang='lat' dir='ltr'>XLV,</span> <span class='ocrx_word' id='word_1_291' title='bbox 1071 3787 1120 3834; x_wconf 77' lang='lat'>29,</span> <span class='ocrx_word' id='word_1_292' title='bbox 1138 3772 1226 3822; x_wconf 84' lang='lat' dir='ltr'>liberos</span> 
     </span>
     <span class='ocr_line' id='line_1_35' title="bbox 160 3837 1227 3916; baseline 0.005 -21"><span class='ocrx_word' id='word_1_293' title='bbox 160 3860 185 3897; x_wconf 85' lang='lat' dir='ltr'>et</span> <span class='ocrx_word' id='word_1_294' title='bbox 206 3861 261 3897; x_wconf 85' lang='lat' dir='ltr'>ante</span> <span class='ocrx_word' id='word_1_295' title='bbox 272 3837 327 3895; x_wconf 26' lang='lat' dir='ltr'>&#39;hoc</span> <span class='ocrx_word' id='word_1_296' title='bbox 345 3848 437 3896; x_wconf 88' lang='lat' dir='ltr'>bellum</span> <span class='ocrx_word' id='word_1_297' title='bbox 455 3848 570 3896; x_wconf 84' lang='lat' dir='ltr'>societate</span> <span class='ocrx_word' id='word_1_298' title='bbox 586 3847 668 3895; x_wconf 87' lang='lat' dir='ltr'>amici·</span> <span class='ocrx_word' id='word_1_299' title='bbox 714 3848 877 3906; x_wconf 76' lang='lat' dir='ltr'>Macedonas,</span> <span class='ocrx_word' id='word_1_300' title='bbox 891 3863 981 3900; x_wconf 75' lang='lat' dir='ltr'>ruentes</span> <span class='ocrx_word' id='word_1_301' title='bbox 992 3852 1080 3916; x_wconf 73' lang='lat' dir='ltr'>legibus</span> <span class='ocrx_word' id='word_1_302' title='bbox 1089 3851 1153 3908; x_wconf 84' lang='lat' dir='ltr'>suis;</span> <span class='ocrx_word' id='word_1_303' title='bbox 1163 3855 1227 3901; x_wconf 82' lang='lat' dir='ltr'>Gro-</span> 
     </span>
     <span class='ocr_line' id='line_1_36' title="bbox 160 3926 1226 3998; baseline 0.007 -25"><span class='ocrx_word' id='word_1_304' title='bbox 160 3927 240 3988; x_wconf 77' lang='lat' dir='ltr'>licque</span> <span class='ocrx_word' id='word_1_305' title='bbox 252 3927 400 3975; x_wconf 83' lang='lat' dir='ltr'>Samnitibus</span> <span class='ocrx_word' id='word_1_306' title='bbox 409 3926 530 3987; x_wconf 83' lang='lat' dir='ltr'>junctum.</span> <span class='ocrx_word' id='word_1_307' title='bbox 541 3929 579 3974; x_wconf 82' lang='lat' dir='ltr'>Ita</span> <span class='ocrx_word' id='word_1_308' title='bbox 592 3927 669 3974; x_wconf 89' lang='lat' dir='ltr'>multo</span> <span class='ocrx_word' id='word_1_309' title='bbox 713 3928 827 3994; x_wconf 81' lang='lat' dir='ltr'>novius),</span> <span class='ocrx_word' id='word_1_310' title='bbox 839 3930 994 3982; x_wconf 59' lang='lat' dir='ltr'>acuitatem</span> <span class='ocrx_word' id='word_1_311' title='bbox 1006 3943 1115 3979; x_wconf 77' lang='lat' dir='ltr'>nostram</span> <span class='ocrx_word' id='word_1_312' title='bbox 1128 3948 1226 3998; x_wconf 68' lang='lat' dir='ltr'>magne</span> 
     </span>
     <span class='ocr_line' id='line_1_37' title="bbox 159 4004 1223 4070; baseline 0.008 -19"><span class='ocrx_word' id='word_1_313' title='bbox 159 4006 237 4065; x_wconf 75' lang='lat' dir='ltr'>maior</span> <span class='ocrx_word' id='word_1_314' title='bbox 247 4004 284 4051; x_wconf 90' lang='lat' dir='ltr'>vis</span> <span class='ocrx_word' id='word_1_315' title='bbox 300 4005 363 4053; x_wconf 87' lang='lat' dir='ltr'>inest</span> <span class='ocrx_word' id='word_1_316' title='bbox 380 4006 406 4051; x_wconf 86' lang='lat' dir='ltr'>in</span> <span class='ocrx_word' id='word_1_317' title='bbox 422 4005 447 4054; x_wconf 88' lang='lat' dir='ltr'>h.</span> <span class='ocrx_word' id='word_1_318' title='bbox 458 4006 576 4068; x_wconf 84' lang='lat' dir='ltr'>l.,·quem</span> <span class='ocrx_word' id='word_1_319' title='bbox 591 4021 669 4053; x_wconf 85' lang='lat' dir='ltr'>corre·</span> <span class='ocrx_word' id='word_1_320' title='bbox 707 4007 779 4070; x_wconf 83' lang='lat' dir='ltr'>parti</span> <span class='ocrx_word' id='word_1_321' title='bbox 794 4005 901 4056; x_wconf 62' lang='lat' dir='ltr'>vestirem</span> <span class='ocrx_word' id='word_1_322' title='bbox 915 4010 1032 4060; x_wconf 57' lang='grc' dir='ltr'>Μυκη.</span> <span class='ocrx_word' id='word_1_323' title='bbox 1050 4011 1122 4061; x_wconf 83' lang='lat' dir='ltr'>Conl.</span> <span class='ocrx_word' id='word_1_324' title='bbox 1134 4010 1165 4058; x_wconf 74' lang='lat' dir='ltr'>ad</span> <span class='ocrx_word' id='word_1_325' title='bbox 1179 4011 1223 4060; x_wconf 86' lang='lat' dir='ltr'>lib.</span> 
     </span>
     <span class='ocr_line' id='line_1_38' title="bbox 159 4083 998 4151; baseline 0.007 -20"><span class='ocrx_word' id='word_1_326' title='bbox 159 4094 213 4131; x_wconf 88' lang='lat' dir='ltr'>ctor</span> <span class='ocrx_word' id='word_1_327' title='bbox 224 4084 285 4131; x_wconf 75' lang='lat' dir='ltr'>male</span> <span class='ocrx_word' id='word_1_328' title='bbox 300 4083 397 4130; x_wconf 86' lang='lat' dir='ltr'>sedulus</span> <span class='ocrx_word' id='word_1_329' title='bbox 411 4100 565 4148; x_wconf 86' lang='lat' dir='ltr'>corrumpere</span> <span class='ocrx_word' id='word_1_330' title='bbox 577 4085 666 4147; x_wconf 84' lang='lat' dir='ltr'>potuit.</span> <span class='ocrx_word' id='word_1_331' title='bbox 712 4087 907 4151; x_wconf 74' lang='lat' dir='ltr'>v111‚cap.1t,</span> <span class='ocrx_word' id='word_1_332' title='bbox 920 4106 945 4138; x_wconf 90' lang='lat' dir='ltr'>n.</span> <span class='ocrx_word' id='word_1_333' title='bbox 957 4094 981 4151; x_wconf 60' lang='lat' dir='ltr'>9ss</span> <span class='ocrx_word' id='word_1_334' title='bbox 997 4110 998 4116; x_wconf 48' lang='lat'>¹</span> 
     </span>
    </p>
   </div>
   <div class='ocr_carea' id='block_1_4' title="bbox 0 0 1396 4568">
    <p class='ocr_par' dir='ltr' id='par_1_4' title="bbox 0 0 1396 4568">
     <span class='ocr_line' id='line_1_39' title="bbox 0 0 1396 4568; baseline 0 8"><span class='ocrx_word' id='word_1_335' title='bbox 0 0 1396 4568; x_wconf 95' lang='lat' dir='ltr'> </span> 
     </span>
    </p>
   </div>
  </div>
 </body>
</html>
