2782 4568
194 302 256 404 iti:
271 304 318 403 st:
342 325 442 391 tin.
464 327 591 392 xxn.
615 324 720 392 exn.
743 324 923 392 xxxlv.
942 324 1096 393 xxxv.
1160 349 1228 421 ιο,

162 445 405 542 prohibuisset
419 451 622 531 Romanos,
647 468 760 540 quam
780 449 887 514 vinci.
912 443 1078 514 Consules
1098 444 1231 538 deinde

165 552 337 626 Fabianis
355 556 506 642 artibus,
529 579 640 651 quum
655 551 832 624 debellare
839 568 1001 650 possent,
1019 551 1152 624 bellum
1163 571 1232 625 tra·

166 668 271 732 scisse.
292 665 340 734 Id
342 664 472 754 sindus
489 670 580 734 inter
597 688 720 735 omnes
737 661 873 734 nobiles
892 667 999 733 ictum
1015 688 1025 731 :
1041 687 1106 734 nec
1109 665 1231 758 finem

165 785 249 842 ante
271 772 358 872 belli
377 776 580 860 babituros,
599 799 711 871 quam
729 771 907 844 consulem
927 796 1011 842 nere
1026 772 1228 870 plebeium,

165 880 292 969 idest,
312 882 492 954 bominem
511 909 642 954 novum
652 879 678 970 ⁵,
686 885 862 973 fecissent.
878 887 978 957 Nam
983 882 1231 979 plebeiosno-

164 988 249 1060 biles
263 994 347 1086 jam
371 993 504 1063 eisdem
525 999 684 1076 initiatos
708 1018 783 1064 esse
803 999 930 1079 sacris,
951 1009 984 1063 et
1005 1008 1231 1066 contemnere

154 1099 323 1195 plebem,
344 1127 392 1172 esc
411 1128 485 1200 quo
508 1108 688 1173 contemni
704 1097 897 1173 desierint6
914 1128 938 1171 a
949 1104 1137 1204 patrIbus,
1158 1131 1230 1176 ece-

153 1215 264 1305 pisse.
289 1218 358 1286 Cui
376 1239 449 1284 non
472 1213 514 1283 id
535 1225 754 1310 appareret,
780 1211 821 1282 id
843 1228 964 1282 actum
985 1229 1021 1283 et
1038 1221 1229 1312 quaesitum

162 1344 252 1408 esse,
274 1339 314 1392 ut
332 1328 573 1420 interregnum
593 1327 753 1408 iniretur,
774 1338 814 1392 ut
834 1329 871 1392 in
881 1340 1037 1420 patrum
1051 1339 1231 1423 potestate

162 1439 305 1502 comitia
323 1435 462 1503 essent?
482 1432 532 1502 Id
549 1431 714 1502 consules
728 1432 856 1501 ambos
875 1432 929 1501 acl
940 1441 1135 1505 exercitum
1148 1443 1228 1507 mo-

161 1540 280 1612 rando
305 1547 476 1636 quoesisse
500 1540 574 1609 :id
591 1555 739 1636 postea,
766 1546 855 1635 quia
876 1547 988 1612 invitis
1010 1549 1053 1615 iis
1073 1544 1232 1637 dictator

161 1667 251 1720 esset
264 1651 381 1722 dictus
402 1655 626 1721 comitiorum
637 1699 640 1703 -
652 1674 780 1735 causa,
806 1667 1054 1746 expugnatum
1076 1679 1166 1742 esse,
1182 1670 1252 1751 ¹ut‘

92 1813 94 1817 -
160 1767 309 1833 vitiosus
326 1761 478 1831 dictator
485 1783 556 1857 per
566 1784 723 1857 augures
728 1761 844 1854 fieret
854 1755 880 1828 ⁸.
895 1761 1041 1831 Habere
1059 1769 1167 1858 t'gitur
1180 1772 1229 1836 in·

160 1891 362 1970 terregnum
385 1896 447 1941 eos
469 1897 479 1939 :
503 1869 746 1955 consulatum,
768 1894 881 1940 unum
905 1886 1015 1958 certe,
1031 1872 1149 1971 plebis
1166 1900 1228 1946 ro-

159 2009 281 2054 mance
293 2007 386 2053 esse:
392 1981 574 2080 populum
592 1980 742 2052 liberum
758 1979 979 2069 habiturum,
994 2007 1039 2054 ac
1055 1983 1226 2058 daturum

160 2098 213 2177 ei,
230 2099 294 2188 qui
306 2098 422 2185 magis
433 2116 518 2161 vere
526 2096 687 2178 uincere,
700 2115 813 2188 quam
827 2091 891 2161 diu
904 2097 1097 2190 imperare,
1111 2096 1223 2168 malit.

206 2207 350 2275 XXXV.
369 2207 492 2293 Quum
512 2201 567 2272 his
586 2201 812 2272 orationibus
831 2226 979 2273 accensa
994 2202 1097 2300 plebs
1115 2220 1225 2296 esset,

160 2311 275 2384 tribus
293 2315 449 2411 patriciis
467 2311 709 2411 petentibus¹,
725 2301 762 2382 Ρζ
783 2313 955 2383 Cornelio
972 2313 1163 2405 Merenda,
1183 2319 1223 2386 L.

195 2491 218 2538 5.
231 2491 359 2538 Hominem
368 2508 470 2549 novum,·
478 2491 535 2539 vide
545 2491 577 2539 ad
586 2493 611 2550 1,
624 2491 669 2548 34,
709 2500 833 2553 potestate
842 2488 943 2538 comitia
952 2502 1046 2538 essent:
1057 2507 1113 2539 narn
1123 2493 1225 2543 Interre-
1243 2494 1245 2499 ’

158 2587 183 2618 ιι.
196 2556 378 2618 iim-‘Plebeiae
389 2571 494 2628 nobiles,
506 2586 611 2633 quorum
620 2586 670 2617 mu-
714 2585 756 2639 ges
770 2585 822 2617 non
835 2581 904 2617 erunt
917 2570 965 2617 nisi
981 2572 1096 2634 patricii5
1110 2573 1222 2622 Gronov.

155 2651 222 2708 iores
235 2661 303 2711 gesto
317 2650 459 2714 mngIstratu
471 2650 549 2696 curuli
561 2651 589 2703 in
601 2665 670 2697 sene·
714 2649 841 2707 Contvl,
855 2657 896 2703 tr.

159 2739 210 2775 tum
222 2730 405 2792 pervenissent;
417 2729 546 2776 strothius.
560 2756 596 2765 -
612 2731 669 2791 lam
750 2730 774 2775 s.
791 2731 822 2776 tu
833 2728 936 2776 vitiosus
950 2727 1058 2779 dictator
1063 2748 1111 2796 per
1120 2749 1224 2799 augures

158 2807 246 2854 eisdem
262 2808 370 2856 initiatos
385 2823 435 2855 esse
450 2807 525 2854 saeris
530 2842 538 2864 ,
554 2807 579 2855 h.
595 2823 616 2855 e.
630 2809 670 2855 iis·
706 2807 797 2874 fieret;
805 2808 863 2856 vide
875 2809 907 2856 nd
918 2811 951 2868 V,
962 2825 1003 2870 17,
1017 2828 1043 2858 ιι.
1055 2820 1080 2868 4.
1090 2839 1125 2848 -
1135 2813 1225 2862 Consu

159 2886 214 2935 dem
225 2887 350 2935 fraudibus
360 2887 501 2949 artibusque
512 2885 670 2934 clandestinis
715 2888 791 2934 latum
798 2922 806 2944 ,
821 2904 895 2935 unum
909 2901 987 2946 certe,
998 2891 1076 2953 plebis
1089 2908 1148 2940 rom.
1160 2910 1225 2952 esse,·

157 2967 280 3015 imbutos:
291 2966 359 3030 quod
370 2977 472 3014 venuste
486 2966 628 3012 transfertur
638 2967 669 3013 nb
713 2965 810 3013 vidend
821 2968 872 3023 III,
885 2967 915 3013 62
924 3003 931 3025 ,
940 2984 965 3016 n.
976 2968 1001 3026 5,
1014 2980 1038 3016 et
1048 2970 1099 3029 VI,
1113 2971 1154 3029 35,
1164 2988 1189 3018 u.
1198 2980 1222 3028 t.

157 3045 203 3104 iis,
213 3047 256 3109 qui
267 3046 299 3093 ed
311 3046 441 3110 mysteria,
453 3061 497 3091 seu
510 3043 581 3090 initia
595 3042 669 3108 (vide
712 3069 748 3080 -
760 3045 879 3108 Populum
892 3045 992 3093 liberum
1005 3046 1156 3112 babituram,
1171 3051 1223 3099 scii.

157 3125 188 3172 ad
201 3128 304 3185 XXXI,
317 3134 364 3184 14,
378 3142 403 3172 n.
420 3125 453 3182 33
467 3125 573 3182 XXXI,
586 3131 628 3183 47,
642 3139 668 3171 ιι.
713 3123 880 3182 consulatum,
894 3140 949 3171 eum
962 3124 988 3171 In
1003 3125 1104 3172 arbitrio
1117 3137 1142 3174 et
1154 3139 1224 3190 pote-

157 3213 186 3261 43
197 3207 326 3263 XXXIX,
339 3207 368 3264 8,
378 3221 404 3252 ιι.
414 3203 460 3269 4),
472 3203 547 3250 aliave
557 3218 623 3249 saera
633 3218 668 3249 ar·
713 3211 775 3248 state
784 3201 872 3264 populi
883 3203 936 3259 sure
950 3202 1030 3268 (conf.
1040 3206 1223 3272 Gronovitrm),

158 3301 217 3332 cana
235 3285 415 3333 admittuntur:
432 3282 497 3330 unde
512 3293 536 3328 et
549 3280 666 3342 Bacchis,
713 3296 743 3326 ac
761 3280 876 3326 datumm
891 3296 937 3344 pro
951 3281 1053 3328 arbitrio
1068 3283 1105 3340 οἱ,
1118 3285 1161 3347 qui
1173 3303 1225 3334 ma·

157 3363 182 3410 h.
191 3381 212 3411 e.
221 3364 371 3412 Baccharum
382 3362 603 3424 bacchantiumque
612 3377 669 3408 con·
710 3358 787 3423 gis...
796 3358 909 3416 ..malit;
926 3359 983 3406 vide
1000 3359 1032 3406 sd
1051 3362 1101 3418 IX,
1118 3377 1142 3421 7,
1160 3380 1186 3412 n.
1199 3373 1223 3422 4.

158 3441 271 3488 ventibus
291 3443 397 3505 aliquem
417 3440 516 3489 initiare
537 3440 668 3500 XXXIX,
714 3439 857 3485 Gron.aute
865 3438 985 3501 populum
1001 3439 1107 3487 inserere
1121 3443 1226 3492 malebat

158 3535 187 3581 9,
199 3520 243 3566 ubi
256 3520 402 3580 conjicerem
414 3519 539 3576 Bacchiis,
554 3535 596 3566 seu
606 3520 668 3566 Bae-
713 3528 753 3573 et,·
768 3518 811 3565 sed
825 3518 948 3566 strothius
966 3518 1045 3566 delere
1060 3520 1088 3570 τὸ
1104 3534 1154 3567 esse
1159 3538 1174 3578 ,-
1185 3521 1225 3568 vel

157 3598 243 3657 obicis,
261 3599 313 3645 scil.
326 3600 413 3657 saeris,
427 3600 476 3647 nisi
488 3597 591 3645 Bacchis
604 3597 668 3661 lege·
712 3614 767 3644 curu
778 3598 827 3644 Pal.
838 3612 886 3644 sec.
896 3596 974 3659 legere
986 3599 1139 3646 consulatum
1151 3614 1225 3647 unum

156 3691 224 3728 retur
234 3679 308 3727 etiam
318 3678 380 3725 ibid.
394 3695 448 3742 cap.
460 3695 503 3738 ro,
516 3679 560 3734 13,
575 3684 614 3732 14.
662 3700 665 3705 ·
712 3688 776 3723 certe
784 3675 862 3739 plebis
876 3692 986 3725 romana
1004 3677 1077 3724 etiam
1090 3677 1222 3741 populum,

191 3761 216 3807 6.
238 3761 280 3806 Ex
303 3774 351 3822 quo
372 3756 493 3804 contemni
513 3756 627 3803 desierint
650 3769 667 3808 a
711 3755 851 3818 etc.,quod
863 3754 898 3802 sie
911 3755 996 3802 meIIus
1009 3756 1056 3803 sibi
1066 3756 1174 3804 Invicem
1186 3773 1223 3807 re-

150 3840 264 3907 patribus
269 3858 280 3897 ;
290 3838 361 3886 coni,
368 3836 400 3883 nd
409 3838 454 3894 IV,
465 3836 497 3884 35
503 3870 510 3892 ,
519 3853 544 3883 ιι.
553 3844 578 3891 t.
620 3885 622 3889 ,
711 3833 850 3898 spondeant
861 3834 975 3880 membra.

192 3935 215 3977 7.
235 3919 280 3965 Cui
298 3933 347 3965 non
368 3915 397 3962 id
414 3931 548 3978 apparere,
560 3913 604 3971 id,
619 3925 665 3962 etc.
745 3911 806 3962 Cur.
816 3913 926 3960 XXXV.
936 3928 958 3959 1.
973 3912 1057 3961 Tribus
1064 3912 1175 3977 patriciis
1180 3929 1223 3979 pe-

155 3998 224 4046 Prius
236 3997 264 4043 id
276 3998 339 4045 forte
353 3995 499 4051 delendum,
513 3994 621 4042 etsbest
634 3994 664 4042 ub
710 3993 813 4042 tentibus
827 3991 992 4050 consulatum,
1011 4004 1036 4040 et
1049 3992 1142 4042 duobus
1154 3993 1223 4042 nobi·

155 4093 204 4124 uno
219 4077 320 4125 Hearnii
332 4075 472 4125 codice-
487 4075 518 4121 Ut
529 4072 553 4120 in
562 4084 665 4137 patrum
709 4070 951 4139 libusjam,quija1u
960 4070 1223 4136 nobileserrnt‚quod
