2782 4568
186 298 312 413 3133331
390 322 545 401 LIBER
569 321 717 387 xxm.
747 319 850 386 cnr.
877 321 973 387 xus.
1117 320 1217 419 -349

160 441 294 512 victore
310 441 471 511 exercitu
485 463 688 537 aggressus,
701 439 794 507 intra
808 459 943 535 paucos
957 435 1053 508 dies1
1069 444 1224 539 recepit..

159 548 301 620 Deinde
320 549 395 620 aliae
413 572 561 646 quoque
581 548 762 635 civitates,
779 571 860 644 quae
883 545 928 617 ad
943 550 1219 645 ,Hampsicoram

159 663 366 756 Poenosque
398 657 624 746 defecerant,
650 644 839 729 obsidibus
864 657 975 746 datis,
1001 657 1220 732 dediderunt

160 793 246 840 sese.
256 768 398 859 Quibus
413 767 591 865 stipendio
605 766 864 862 frumentoque
875 768 1068 863 imperato,
1080 792 1148 864 pro
1164 794 1219 842 cu·

157 879 301 975 jusque,
319 888 381 949 aut
391 876 541 967 viribus,
557 892 618 948 aut
636 877 780 964 delicto,
795 876 936 949 Carales
955 878 1155 949 exercitum
1167 904 1220 951 re·

159 988 272 1060 duxit.
283 987 338 1059 Ibi
350 987 502 1060 navibus
513 990 629 1087 longis
638 986 1098 1085 deductis²,imposit0que,
1109 1004 1218 1087 quem
1309 1052 1315 1066 .

160 1122 281 1170 secum
296 1100 505 1187 advexerat,
519 1098 652 1188 milite,
667 1102 818 1168 Romam
834 1098 990 1194 navigat,
1008 1096 1220 1171 Sardiniam·

160 1232 232 1306 que
246 1209 484 1306 perdomitam
498 1209 640 1280 nuntiat
647 1205 810 1278 Patribus
821 1233 829 1275 ε
841 1220 877 1276 et
889 1206 1108 1302 stipendium
1125 1232 1220 1304 qure-
1304 1266 1307 1270 Α

159 1318 342 1407 storibus,
370 1317 593 1391 frumentum
623 1316 810 1404 aedilibus,
837 1315 1069 1413 captivosque
1094 1316 1219 1388 Fulvio

159 1429 305 1524 praetori
326 1427 484 1499 tradidit.
507 1432 575 1500 Per
601 1426 697 1498 idem
721 1441 864 1522 tempus
881 1430 920 1495 T.
939 1427 1109 1497 Otacilius
1127 1452 1221 1524 prae-

160 1551 218 1607 tor
225 1534 252 1625 ³,
269 1538 532 1635 quinquaginta
547 1539 693 1608 navium
710 1535 756 1606 ab
772 1533 929 1632 Lilybaeo
949 1534 1058 1606 classe
1074 1536 1111 1605 in
1127 1535 1219 1606 Afri·

160 1670 237 1717 cam
247 1654 486 1738 transvectus,
497 1647 813 1746 depopulatusque
823 1669 949 1745 agrum
964 1645 1220 1744 carthaginien-

158 1781 257 1846 sem,
280 1781 396 1854 quum
417 1755 615 1829 Sardiniam
640 1757 725 1827 inde
748 1771 906 1853 peteret,
930 1779 1005 1851 quo
1029 1753 1124 1827 fama
1143 1771 1219 1828 erat
1274 1778 1280 1792 ·

159 1866 416 1939 Hasdrubalem
432 1892 452 1938 a
467 1865 662 1937 Baliaribus
676 1890 795 1963 nuper
807 1865 1005 1960 trajecisse,
1018 1866 1120 1937 classi
1136 1863 1221 1936 afri·
1237 1958 1239 1962 ³
1344 1871 1346 1874 ’

160 2000 238 2049 cam
251 1977 431 2077 repetenti
441 1977 616 2060 occurrit,
630 1977 772 2072 levique
786 1977 981 2047 certamine
993 1979 1032 2048 in
1045 1976 1117 2047 alto
1129 1999 1221 2047 com·

159 2087 286 2176 missu,
301 2100 440 2185 septem
457 2084 543 2156 inde
561 2107 669 2154 naves
686 2107 770 2153 cum
783 2087 888 2156 sociis
902 2084 1090 2156 navalibus
1104 2087 1219 2182 cepit:

159 2211 302 2269 caeteras
319 2209 437 2268 metus
457 2190 556 2264 haud
580 2216 704 2279 secus,
722 2216 834 2289 quam
853 2183 1219 2292 tempestas,'passim
1300 2244 1307 2259 ,

159 2303 306 2404 disjecit.
318 2308 385 2376 Per
398 2299 545 2378 eosdem
556 2300 650 2375 sorte
663 2301 739 2373 dies
751 2314 788 2372 et
796 2302 997 2374 Bomilcarl
1010 2328 1094 2374 cum
1105 2303 1222 2374 militi-

133 2427 143 2437 “
158 2412 246 2498 bus,
261 2414 307 2486 ad
323 2415 617 2513 supplementum
628 2411 843 2510 Carthagine
857 2414 991 2500 missis,
1006 2412 1222 2511 elephantis·

158 2547 231 2619 que
245 2537 281 2592 et
293 2537 516 2610 commeatu,
526 2527 661 2595 Locros
676 2523 833 2594 accessit.
849 2525 966 2613 Quem
979 2536 1020 2593 ut
1034 2524 1229 2605 incautum,

159 2631 381 2727 opprimeret
399 2631 652 2728 Ap.'Clau‹'a'us
666 2658 731 2729 per
744 2632 1011 2704 simulationem
1029 2636 1220 2731 provinciae
1279 2620 1284 2624 ⁴

110 2786 113 2790 -
159 2738 425 2819 circumeundae
442 2743 641 2812 Messanam
658 2744 789 2839 raptim
808 2744 967 2815 exercitu
985 2744 1115 2834 ducto,
1133 2759 1222 2817 aestu

159 2871 226 2919 suo
239 2853 375 2951 Locros
389 2847 526 2942 trajecit
535 2845 559 2918 ⁵.
570 2854 647 2920 Jam
662 2851 745 2921 inde
759 2852 937 2923 Bomilcar
950 2852 995 2922 ad
1005 2859 1220 2927 Hannonem

158 2959 197 3028 in
210 2958 367 3029 Bruttios
385 2954 571 3057 profectus
585 2974 678 3048 erat,
691 2975 727 3031 et
739 2967 935 3033 Locrenses
954 2977 1076 3059 portas
1094 2970 1221 3035 Roma-

159 3068 215 3138 nis
233 3068 449 3138 clauserunt.
471 3068 610 3166 Appius
626 3093 758 3168 magno
777 3086 911 3142 conatu
928 3071 1028 3141 nulla
1045 3097 1085 3143 re
1102 3089 1220 3171 gesta,

192 3265 253 3314 Car.
264 3266 329 3312 xm.
344 3281 367 3312 1.
376 3267 448 3313 Intra
456 3280 550 3328 paucos
564 3265 617 3313 dies
630 3280 669 3327 reg
712 3278 795 3318 torum
813 3266 1045 3333 (quadragintaque
1060 3269 1220 3338 elephantis),

160 3344 237 3408 capim
249 3344 306 3391 ride
317 3345 349 3394 ad
361 3348 414 3403 111,
424 3360 471 3407 29,
482 3360 507 3392 n.
518 3359 539 3394 1.
713 3362 786 3410 quem
799 3347 862 3395 Mss
876 3362 927 3394 non
941 3346 1040 3396 habent.

195 3437 220 3468 a.
232 3422 339 3470 Navibus
349 3424 426 3488 longis
436 3423 560 3480 deductim
571 3422 629 3471 vide
638 3422 669 3471 ad
748 3426 773 3473 5.
789 3425 859 3474 ὦπα
873 3441 917 3473 suo
932 3427 1022 3474 locros
1037 3427 1147 3493 trujeeit;
1163 3429 1221 3480 vido

161 3499 611 3563 Vll1‚26,n.1,etssl‚17‚n.5.
713 3503 744 3551 ad
758 3507 786 3563 1,
801 3503 943 3561 56,n.10.
959 3505 1147 3554 AEseusecundo
1164 3507 1220 3555 edd.

199 3580 223 3627 3.
246 3580 272 3625 Τ.
292 3579 409 3628 Otacilius
427 3593 539 3644 pratum
558 3580 616 3629 vide
637 3579 670 3627 ud
713 3593 769 3631 ante
783 3582 858 3632 nrak.
873 3582 912 3647 (ut
924 3584 989 3630 mari
999 3585 1104 3635 secundo
1117 3587 1223 3644 xm,

163 3657 212 3715 tu,
221 3664 268 3717 42,
279 3675 303 3704 n.
313 3660 550 3718 7.VooesLnavium
559 3676 572 3707 n
582 3659 598 3706 6
607 3661 669 3707 Mss
714 3675 728 3721 7
741 3661 804 3727 pu),
819 3661 864 3711 red
879 3677 893 3708 e
909 3663 997 3726 glossa.
1013 3664 1044 3709 In
1061 3665 1123 3711 MSS
1141 3675 1222 3712 tamen

163 3737 282 3794 exsulare,
294 3748 318 3785 et
330 3737 393 3785 forte
406 3753 437 3783 ex
450 3753 504 3802 cap.
517 3740 549 3786 38
563 3740 596 3787 ad
607 3754 670 3786 mar·
713 3741 836 3805 plerisque
845 3750 881 3788 est
889 3752 998 3804 cestuque
1007 3757 1063 3799 suo,
1075 3743 1139 3790 unde
1149 3745 1173 3792 J.
1182 3748 1220 3791 Fr.

162 3814 242 3879 gincm
251 3815 372 3879 adscripta
382 3815 468 3875 fuisse,
476 3829 559 3866 monet
569 3819 645 3866 Drak.
713 3823 790 3869 Gron.
803 3821 867 3880 conj.
879 3820 1010 3868 exercitum
1021 3820 1105 3878 duxit,
1116 3834 1223 3888 astuque

199 3901 223 3947 4.
238 3894 360 3941 Bomilcar
370 3910 424 3940 cum
437 3895 563 3953 militibus,
575 3909 621 3945 etc.
631 3896 669 3946 cf.
714 3914 756 3946 suo
768 3901 856 3945 Locros
867 3897 973 3963 trajecit,
985 3909 1009 3946 et
1017 3901 1070 3947 Jac.
1078 3901 1222 3950 Grumoestu

161 3986 215 4034 cap.
225 3972 253 4018 13
265 3985 338 4030 extu,
351 3971 415 4020 unde
425 3974 496 4021 etiam
506 3975 532 4021 in
544 3976 600 4024 edd.
611 3988 667 4024 unte
714 3968 829 4040 quanio,
839 3978 865 4024 h.
874 3992 895 4025 e.
904 3988 1055 4041 exspectato,
1066 3978 1144 4028 donec
1151 3993 1222 4028 aestus

162 4050 237 4100 Drak.
250 4067 310 4100 mox
319 4067 433 4108 uumerus
445 4053 542 4102 additus
553 4055 667 4121 elephan-
712 4055 771 4104 illue
787 4055 875 4116 ferret,
889 4055 1034 4121 impetrato,
1050 4073 1122 4121 quem
1138 4075 1223 4128 exspe-
