2782 4568
401 334 467 400 DE
492 332 980 402 TRANSITUALPIUM.
1150 335 1212 417 {181

159 471 329 543 putemus,
346 470 379 518 et
400 455 534 534 vallem,
549 474 646 540 quam
668 454 754 516 Isara
773 449 949 532 interfluit,
974 473 1066 516 secus
1085 450 1220 518 fluvium

159 578 342 644 peragrasse
358 577 462 641 usque
478 553 519 617 ad
535 553 644 618 Graias
664 555 767 642 Alpes.
791 552 886 616 Unde
905 543 1122 641 colligendum
1138 556 1221 620 foret

159 656 220 719 hac
237 655 409 718 Hannibali
425 656 488 719 iter
501 654 609 718 fuisse.

205 756 256 820 Ad
279 757 343 820 hoc
364 756 486 820 accedit
507 771 600 818 vetus
620 753 750 817 traditio
768 753 861 840 (quae
876 775 994 816 verane
1010 777 1051 816 an
1068 746 1146 819 falsa
1164 757 1224 838 sit,

162 855 345 943 nescimus)
366 874 513 944 tempore
542 855 684 918 Cornelii
706 855 842 940 Nepotis
868 854 999 941 vigens,
1020 855 1076 941 qui
1100 878 1169 919 eam
1192 858 1225 919 in

160 959 224 1022 rita
244 957 432 1022 Hannibalis
456 959 572 1037 refert,
591 978 658 1042 cap.
675 954 694 1018 3
709 979 716 1020 ε
734 984 747 1010 «ι
758 953 807 1044 Ad
819 955 933 1041 Alpes,
952 955 1081 1042 inquit,
1099 973 1226 1044 postea·

159 1081 281 1145 «quam
297 1059 406 1138 venit,
424 1081 496 1146 quae
512 1057 636 1121 Italiam
654 1056 695 1119 ab
711 1056 814 1120 Gallia
830 1055 1022 1144 sejungunt,
1037 1081 1115 1144 quas
1130 1082 1227 1122 nemo

160 1191 175 1216 α
186 1184 330 1248 unquam
342 1183 417 1223 cum
427 1160 569 1224 exercitu
578 1174 736 1222 anteeum
746 1205 754 1238 ,
765 1173 881 1245 praeter
889 1157 1061 1222 Herculem
1074 1160 1225 1242 Graium,

126 1263 130 1269 ’
161 1265 353 1326 «transierat
380 1261 469 1349 (quo
492 1262 579 1325 f'acto
600 1261 627 1323 is
651 1260 751 1323 hodie
775 1260 873 1322 saltus
894 1258 1009 1322 Graius
1027 1261 1226 1348 appellatur)

160 1364 328 1450 «Alpicos,
343 1378 495 1425 conantes
513 1361 687 1448 prohibere
703 1360 892 1440 transitum,
910 1360 1069 1451 concidit,
1087 1362 1155 1425 loca
1170 1387 1227 1450 pa-

161 1463 309 1545 «refecit,
321 1463 434 1526 itinera
448 1463 583 1542 muniit,
597 1461 784 1548 effecitque,
794 1477 831 1524 ut
842 1484 879 1523 ea
891 1461 1081 1548 elephantus
1094 1482 1226 1528 ornatus

161 1565 230 1628 «ire
250 1581 376 1653 posset,
399 1586 462 1650 qua
478 1580 573 1627 antea
588 1586 674 1625 unus
692 1564 792 1641 homo
810 1564 943 1627 inermis
961 1565 1013 1627 vix
1031 1581 1157 1652 poterat
1174 1591 1225 1631 re-

161 1695 175 1720 «
188 1688 264 1752 pere
276 1695 300 1729 ι).
317 1664 390 1728 Vid.
403 1664 489 1729 Edit.
510 1680 673 1744 nostram,
691 1686 763 1752 pag.
781 1663 854 1727 233.

207 1766 269 1830 Hic
289 1781 374 1829 certe
392 1766 562 1829 Cornelius
580 1780 696 1827 nostrae
717 1765 856 1827 multum
878 1765 963 1827 favet
982 1765 1146 1852 opinioni,
1166 1766 1228 1828 sci·

163 1867 237 1930 licet
249 1866 423 1929 Hannibali
435 1889 494 1954 per
511 1865 639 1928 Graiam
657 1865 768 1951 Alpem
783 1865 906 1928 ltaliam
920 1867 1071 1953 patuisse.
1092 1866 1135 1928 Iis
1152 1889 1229 1929 vero

164 1969 331 2031 montibus
355 1969 526 2054 antiquum
549 1969 670 2030 nomen
693 1967 793 2030 fuisse
816 1966 972 2031 Cremonis
994 1968 1052 2031 ael
1070 1967 1229 2032 Centronis

153 2068 274 2155 jugum
290 2091 327 2131 ex
343 2068 415 2155 ipso
430 2069 531 2131 Coelio
549 2068 668 2155 liquet,
690 2069 781 2147 cujus
797 2068 866 2131 baec
882 2068 970 2156 apud
989 2071 1117 2134 Livium
1131 2071 1229 2135 rerba

165 2170 364 2251 invenimus,
384 2192 482 2257 supra
501 2192 573 2258 pag.
598 2193 639 2256 77
653 2193 661 2233 τ
676 2200 689 2224 «
696 2192 754 2257 per
766 2167 925 2232 Cremonis
928 2171 1047 2258 jugum
1061 2172 1228 2235 Hanniba·

165 2271 250 2334 «lem
268 2274 434 2334 transisse:
451 2273 507 2359 qni
521 2271 621 2334 saltus
638 2293 708 2333 eum
717 2292 779 2358 per
794 2270 935 2333 Salassos
951 2287 1114 2335 moretanos
1128 2275 1166 2335 -z'n
1178 2274 1230 2336 Li-

165 2401 178 2426 κ
187 2373 261 2436 duos
277 2371 388 2436 Gallos
401 2372 611 2452 deduxerit»,
625 2370 745 2458 quibus
758 2372 928 2452 Vercellae,
942 2372 1162 2454 Laumellum,
1177 2373 1231 2436 'ri-

165 2473 342 2560 cinumque
353 2473 594 2537 obtinebantur.
614 2473 808 2560 Quanquam
819 2472 901 2536 nihil
912 2487 1058 2559 superest
1064 2473 1104 2536 de
1113 2475 1231 2555 Coelio,
1262 2541 1264 2543 ,
1275 2502 1276 2505 ’

164 2574 259 2652 cujus
279 2575 395 2661 scripta
413 2573 500 2660 apud
519 2576 684 2637 Romanos
704 2575 791 2637 bona
813 2573 898 2636 fama
912 2572 1058 2636 floruisse
1072 2575 1232 2662 comperi-

117 2671 119 2675 ’
167 2690 375 2756 mus,tamen
389 2675 611 2738 testimonium
622 2674 690 2754 ejus
703 2677 844 2739 recusari
855 2698 923 2738 non
936 2690 1061 2762 potest,
1075 2699 1177 2763 quum
1191 2675 1231 2739 ab

167 2776 238 2863 ipso
258 2775 349 2838 Livio
370 2777 545 2864 referatur,
565 2775 758 2838 contrariam
783 2775 974 2839 sententiam
992 2793 1230 2864 propugnante.
1268 2768 1270 2773 ¹

167 2877 243 2939 Duo
265 2877 381 2940 itinera
400 2898 458 2963 per
474 2876 623 2938 Poeninas
640 2875 816 2962 Graiosque
831 2877 946 2962 Alpes,
966 2879 1060 2958 jussu
1073 2878 1230 2964 Augusti,

166 3000 237 3043 esse
252 2977 399 3057 instituta
417 2993 622 3064 compertum
640 2991 706 3056 est,
720 2998 862 3062 quorum
875 2991 1072 3061 utrumque,
1087 2992 1125 3038 ut
1136 2977 1233 3064 pluri·

168 3079 229 3141 mis
239 3079 360 3165 placet,
372 3076 571 3165 Lugdunum
583 3077 739 3159 ducebat,
753 3093 822 3158 aut,
835 3077 862 3140 si
874 3076 1068 3163 quibusdam
1080 3077 1233 3158 creditur,

166 3180 304 3242 alterum
325 3178 450 3241 Vienna
469 3177 701 3264 Allobrogum,
718 3178 855 3241 alterum
871 3177 1034 3267 Lugduno
1051 3176 1232 3244 finiebatur.
1265 3187 1267 3190 ’

168 3281 283 3344 Strabo
300 3279 401 3360 viam,
419 3301 489 3365 quae
505 3301 564 3366 per
580 3279 690 3344 Graias
707 3281 803 3367 Alpes
818 3280 902 3360 ibat,
920 3281 1096 3343 faciliorem
1108 3282 1231 3362 multo,

170 3403 275 3467 neque
291 3395 341 3443 tot
355 3377 556 3467 praecipitiis,
573 3380 812 3467 obstaculisque
831 3380 1011 3468 omnigenis
1031 3381 1232 3445 circumven-

170 3498 235 3545 tam
254 3481 403 3546 ostendit.
419 3483 465 3544 Ea
480 3505 538 3568 per
554 3482 735 3546 Centrones
751 3482 901 3545 currebat
920 3481 1102 3544 secundum
1121 3481 1232 3545 dexte·

171 3606 239 3646 ram
248 3583 350 3670 ripam
359 3585 463 3664 Isarae,
475 3584 581 3647 donec
589 3583 630 3647 ad
642 3583 977 3646 Montemlllelianum
989 3581 1001 3668 (
1008 3580 1230 3669 Montmlllan)

171 3684 205 3746 in
224 3683 392 3747 meridiem
410 3683 525 3748 fluvius
542 3683 744 3749 inflectatur:
762 3707 799 3747 ea
818 3684 926 3747 Gallos
943 3683 1093 3746 Rhodani
1110 3686 1231 3748 accolas

172 3786 205 3849 in
223 3786 345 3849 Italiam
363 3787 615 3869 transmittebam
633 3811 669 3851 ea
682 3787 717 3850 in
728 3786 825 3849 Boios
840 3803 873 3848 et
888 3784 1041 3848 Insubres
1055 3800 1141 3848 recta
1156 3786 1235 3849 inci-

171 3887 284 3969 debat,
298 3887 355 3975 qui
371 3885 432 3973 587
447 3887 513 3952 fere
527 3911 629 3953 annos
643 3905 718 3952 ante
731 3888 898 3951 Christum
911 3902 1023 3949 natum
1036 3885 1083 3975 (1)
1096 3887 1240 3979 migrare¹

209 4092 246 4157 (t)
264 4092 322 4141 vid.
336 4093 428 4150 Rollin,
442 4094 499 4142 hist.
512 4097 585 4142 Rom.
598 4108 656 4143 tom.
667 4099 704 4155 11,
713 4114 738 4161 p¹
749 4097 811 4156 ars,
824 4095 863 4144 ed.
879 4101 952 4156 1740.

294 4182 357 4247 IV.
994 4180 1033 4249 31
