2782 4568
837 218 847 255 ⁴.

157 330 229 426 494
554 326 821 399 nxcrrnsns

203 449 305 516 Venio
326 447 368 513 ad
388 471 502 539 rupem
521 449 673 514 incendio
694 447 920 531 torrelactam,
944 465 976 512 et
1000 423 1121 514 infuso
1142 469 1244 516 aceto

154 553 378 642 putrefactam.
399 553 491 616 Hanc
506 552 722 616 narrationem
737 551 790 615 alii
810 550 977 633 rejiciunt,
998 552 1053 616 alii
1073 569 1241 633 tuentur3

155 656 263 744 plures
276 653 447 740 utriusque
463 652 629 716 sententiat
643 667 900 741 propugnatores
918 650 1065 715 citantur
1079 676 1188 743 snpra
1205 655 1240 716 in

156 757 243 820 notis
265 779 337 844 pag.
358 777 418 842 72,
441 777 488 841 sq.
510 755 568 819 His
592 754 785 817 testimoniis
802 751 955 841 'quaedam
984 751 1145 818 addenda
1170 756 1240 818 huc

156 857 342 938 conferam,
364 855 505 942 primum
521 853 590 942 (1):
609 854 660 918 «Il
676 853 794 919 resulto
814 853 1054 942 d'experiences
1074 856 1176 921 faites
1196 881 1238 921 eu

154 989 167 1013 α
181 957 276 1044 1807,
284 978 341 1042 par
353 955 399 1019 Μ.
412 955 556 1044 Dongois
567 954 761 1037 d’Embrun,
772 976 836 1042 que
847 955 877 1018 le
887 953 1030 1044 rinaigre
1046 955 1237 1038 borribant,

156 1090 170 1114 ι
181 1058 285 1122 meme
294 1057 376 1120 l’eau
386 1055 650 1139 incandescente,
662 1056 784 1120 calcine
793 1070 885 1120 toute
896 1057 995 1120 roche
1007 1059 1067 1144 qui
1077 1057 1167 1122 n'est
1176 1083 1236 1148 pas

156 1159 358 1249 «primitive,
376 1173 409 1222 et
428 1157 529 1244 qu’on
547 1173 628 1246 peut
642 1156 727 1223 alors
744 1156 934 1245 yenfoncer
950 1157 1006 1221 des
1024 1159 1098 1246 pies
1116 1176 1154 1224 et
1176 1161 1235 1225 des

158 1263 288 1344 «coins,
301 1261 357 1348 qui
373 1283 395 1348 y
411 1260 537 1347 frayent
548 1264 594 1322 tin
609 1281 774 1348 passage».

200 1364 291 1427 Livio
305 1383 437 1450 qnoque
451 1360 548 1424 fidem
560 1360 696 1424 omnino
708 1359 865 1424 adhibent
873 1359 1060 1450 leMarquis
1071 1361 1112 1425 de
1122 1363 1235 1426 Saint-

155 1465 264 1529 Simon
268 1513 279 1546 ,
297 1481 330 1528 ct
344 1465 360 1527 J
363 1486 487 1527 oannes
495 1465 542 1527 W
538 1461 666 1527 hitaler
670 1485 684 1541 ;
698 1461 755 1525 sed
771 1484 842 1526 eam
857 1463 1099 1551 opinionemin
1111 1465 1232 1552 primis

158 1567 327 1656 impugnat
337 1563 453 1643 Delus,
470 1564 596 1628 historie
613 1565 658 1627 du
666 1586 802 1654 passage
816 1562 870 1626 des
881 1563 994 1652 Alpes,
1008 1586 1042 1652 p.
1055 1563 1141 1646 234,
1157 1588 1231 1652 sqq.

158 1667 322 1755 Equidem
339 1681 500 1729 narratam
514 1665 649 1746 aLivi0,
666 1680 699 1728 et
709 1665 876 1747 Juvenale,
895 1665 958 1730 Sat.
970 1665 1018 1741 X,
1034 1688 1067 1730 v.
1082 1663 1166 1748 153,
1184 1667 1232 1730 fa·

157 1768 268 1832 bulam
285 1789 324 1831 ex
339 1765 451 1854 populi
467 1763 656 1829 credulitate
670 1780 702 1829 ct
714 1765 878 1881 ignoranti
891 1765 1106 1831 admiratione
1117 1785 1229 1832 ortam

157 1891 226 1932 esse
240 1867 405 1946 existim03
417 1865 469 1928 cui
486 1875 593 1928 tamen
608 1866 713 1953 aliqua
725 1867 830 1953 potuit
841 1890 936 1931 causa
948 1868 1146 1950 subsistere,
1163 1869 1231 1933 sive

158 1968 247 2033 Poeni
265 1966 307 2029 ad
323 1914 594 2029 resolvendam
563 1987 670 2028 nivem
691 1982 723 2029 et
739 1967 930 2056 glaciem,
906 1990 972 2033 sive
988 1968 1028 2032 ad
1047 1955 1156 2059 frigus
1179 1971 1229 2034 le·

157 2068 301 2134 vandum
318 2089 453 2154 magnos
469 2067 559 2155 ignes
577 2065 792 2132 accenderint.

201 2171 271 2234 Jam
289 2169 364 2233 satis
383 2190 418 2231 ea
436 2168 502 2231 sint
523 2167 565 2231 ad
590 2168 883 2233 constituendum'
875 2186 952 2253 iter,
976 2192 1043 2258 quo
1060 2172 1228 2236 Hannibal

158 2272 280 2338 Italiam
296 2270 530 2359 penetraverit,
552 2269 672 2333 scilicet
690 2292 749 2357 per
765 2270 874 2334 Graias
891 2272 995 2359 Alpes.
1016 2271 1153 2360 Quippe
1170 2271 1230 2336 de·

159 2374 278 2438 clinare
289 2371 403 2454 debuit
413 2371 589 2451 Taurinos,
605 2369 679 2456 qui,
692 2371 719 2433 si
730 2372 829 2434 saltus
841 2371 902 2435 sibi
913 2372 1051 2435 maxime
1062 2373 1230 2462 cognitos,

159 2492 193 2539 et
206 2474 370 2539 continuis
388 2472 536 2536 cursibus
554 2472 710 2535 exercitos
730 2489 1009 2561 propugnassent,
1030 2497 1099 2537 non
1118 2475 1229 2540 incas-

157 2598 232 2640 sum
250 2598 326 2638 sane
346 2576 380 2636 in
397 2573 513 2636 Poenos
532 2572 708 2636 subeuntes
724 2574 787 2637 tela
801 2575 1019 2640 immisissent.
1042 2577 1127 2657 Quis
1149 2600 1229 2641 vcro

158 2674 268 2740 credat
285 2675 402 2738 ducem
421 2673 541 2736 militiae
559 2674 810 2761 peritissimum,
833 2676 925 2755 cujus
945 2699 1037 2740 mens
1057 2677 1229 2742 Romanos

158 2785 279 2866 integro
297 2776 378 2840 bello
394 2797 549 2862 nusquam
569 2789 643 2839 ante
661 2776 764 2840 libatis
778 2779 900 2842 viribus
915 2777 1124 2866 aggrediendi
1143 2802 1229 2866 prae-

159 2879 300 2961 dicatur,
316 2876 529 2940 infestissimae
545 2876 603 2940 viae
620 2878 771 2965 periculis
790 2880 965 2943 exercitum
984 2895 1106 2943 temere
1119 2896 1159 2943 ‘et
1176 2882 1229 2943 in-

158 2983 280 3045 utiliter
303 2979 475 3059 objecisse!
505 2978 595 3066 quod
626 2980 794 3061 centurio,
821 2979 912 3067 quod
937 2979 1028 3044 miles
1057 2983 1228 3069 gregarius

158 3105 327 3170 nunquam
343 3081 489 3169 profecto
508 3080 652 3161 fecisset,
669 3081 884 3144 Hannibalem
901 3079 981 3143 illud
998 3082 1231 3148 commisisse?

158 3184 284 3247 Scilicet
295 3183 356 3245 hac
370 3180 486 3243 ductus
501 3179 613 3244 fuisset
624 3205 642 3244 a
653 3182 780 3270 Megalo
791 3182 1010 3268 Boiorumque
1023 3183 1155 3271 legatis,
1170 3188 1230 3273 qui

157 3307 233 3347 sane
256 3305 323 3347 non
347 3281 556 3369 ignorabant,
573 3282 740 3369 quomodo
758 3283 893 3346 Taurini
915 3284 949 3346 in
969 3284 1138 3348 Romanos
1160 3288 1232 3351 ani-

158 3385 235 3448 mati
252 3383 377 3446 forent!
398 3381 520 3469 Et‘ipsi
542 3382 586 3446 illi
604 3383 827 3448 Romanorum
848 3385 944 3468 socii,
963 3386 1018 3472 qui
1037 3385 1192 3452 oblatum
1212 3413 1230 3452 a

157 3487 265 3551 Poenis
275 3482 378 3547 foedus
388 3483 469 3546 adeo
479 3499 664 3547 constanter
672 3485 870 3567 rejecerunt,
882 3486 1113 3572 hostes'tamen
1124 3488 1231 3571 fame,

157 3588 293 3677 frigore,
309 3585 368 3647 viae
385 3584 551 3647 laboribus
569 3585 765 3649 omnimodis
783 3584 981 3666 debilitatos,
999 3603 1178 3670 contusos,
1199 3606 1233 3653 et

157 3689 198 3753 ab
211 3689 286 3778 ipsis
297 3687 434 3775 Alpibus
443 3685 508 3764 jam
520 3708 621 3775 prope
631 3688 750 3770 rictOS,
765 3688 866 3751 amice
878 3703 911 3751 et
923 3686 1129 3775 hospitaliter
1142 3692 1233 3778 passi

191 3920 231 3984 (ι)
247 3922 311 3968 Vide
325 3937 389 3984 opus
402 3937 453 3967 non
463 3915 584 3984 ignobile,
599 3921 637 3968 cui
652 3922 738 3970 titulus
752 3933 809 3970 est:
835 3925 857 3969 Τ
854 3923 1015 3988 opograplrie,
1035 3921 1151 3981 histoire,
1169 3928 1238 3976 anti-

156 4006 246 4070 quitas,
261 4020 360 4066 nsages,
374 4005 490 4052 dialectes
500 4006 542 4052 des
555 4006 741 4068 Hamas-Alpes.
