2782 4568
146 347 149 352 ’
188 332 310 440 tilii?
418 357 577 424 niusa
607 357 764 424 xxiii.
792 357 900 425 cir.
928 360 956 424 1.
1153 358 1221 454 267

199 477 230 536 in
240 477 342 534 faciem
364 477 453 555 copiae
474 475 653 548 educuntur,
673 511 711 522 -
729 482 825 549 XLV;
846 498 879 536 ac
899 497 1010 536 summa
1031 479 1061 537 vi
1084 493 1113 537 et
1136 480 1224 540 duces

200 569 368 642 hortantur,
386 582 415 627 et
434 569 537 627 milites
558 583 697 648 pugnant.
714 604 752 613 —
767 575 877 643 XLVI3
892 573 973 630 Poeni
990 571 1021 628 in
1037 584 1129 630 castra
1145 593 1224 630 cotn-

199 661 363 739 pelluntur,
381 673 411 718 et
430 661 516 721 tertio
535 673 601 739 post
617 661 664 719 die
683 683 827 720 ucccxxn
846 665 972 741 equites,
991 664 1072 722 mixti
1090 665 1223 723 Numidae

200 753 393 832 Hispanique,
408 752 444 810 ad
458 756 604 812 Romanos
620 755 822 836 transfugiunt.
841 761 945 816 Hanno
962 749 1072 818 recedit
1087 758 1117 815 in
1136 764 1224 817 Brut-

199 845 269 918 tios,
286 858 315 904 et
327 845 473 905 Hannibal
487 846 601 925 Apuliae
616 847 739 905 hiberna
757 848 838 925 petit.
859 849 947 922 Quod
966 862 998 907 ut
1017 848 1097 907 audit
1114 853 1149 921 Q.
1164 855 1224 908 Fa-

198 937 275 1010 bius,
286 943 417 1017 Capuam
429 939 549 1016 propius
561 953 659 997 movet
670 953 771 998 castra.
779 946 949 1012 —XLVII;
958 941 1100 1000 Jubellius
1110 945 1225 1000 Taurea

199 1051 355 1109 campanus
374 1045 403 1089 et
423 1031 560 1090 Claudius
575 1033 689 1090 Asellus
707 1052 860 1104 romanus,
878 1033 1025 1090 fortissimi
1044 1033 1172 1109 equites,
1193 1034 1225 1091 in

199 1125 343 1204 singulare
353 1124 533 1184 descendunt
546 1137 700 1183 certamen.
712 1159 748 1168 -
757 1129 899 1198 XLVIII3
912 1126 1060 1204 Scipiones
1074 1126 1224 1199 nuntiant,
1293 1188 1296 1193 ,

198 1229 319 1293 quantas
335 1237 381 1275 res
396 1217 534 1295 gesserint
547 1217 576 1274 in
592 1217 746 1295 Hispania,
765 1218 816 1275 sed
834 1218 1015 1296 provinciam
1032 1237 1091 1279 non
1106 1218 1226 1276 retineri

199 1330 293 1389 posse,
303 1311 358 1368 nisi
368 1311 501 1388 pecunia,
512 1323 562 1367 aut
572 1322 650 1367 certe
660 1310 831 1368 vestimenta
840 1325 869 1368 et
879 1312 1055 1369 frumentum
1065 1312 1225 1370 mittantur.

191 1407 321 1462 'Senatus
342 1404 440 1478 itaque
460 1394 571 1480 populo
590 1402 700 1462 indicat
721 1403 853 1481 publicas
875 1405 1073 1476 necessitates,
1093 1405 1226 1463 cohorta-

199 1483 304 1571 turque
323 1493 536 1571 redemptores,
551 1507 585 1552 ut
603 1507 734 1572 sumptus
750 1485 930 1552 necessarios¹
941 1496 1043 1553 aerario
1059 1495 1095 1553 ad
1113 1509 1225 1574 tempus

94 1632 96 1636 s
199 1587 393 1646 commodent.
407 1619 447 1631 -
461 1591 577 1657 XLIX3
592 1587 708 1645 Privata
723 1589 845 1665 pecunia
862 1587 1026 1665 respublica
1041 1586 1225 1647 administra-

199 1691 260 1750 tur,
271 1692 300 1737 et
313 1678 498 1757 Scipionibus
509 1677 658 1755 aequabilis
671 1678 799 1756 adspirat
812 1680 938 1737 fortuna.
952 1684 996 1738 Ex
1011 1678 1103 1738 tribus
1116 1687 1225 1738 Poeno·

198 1791 264 1829 rum
278 1770 399 1831 ducibus
411 1770 456 1828 bis
470 1770 615 1848 ingentem
626 1783 777 1848 reportant
791 1771 959 1843 victoriam,
971 1785 999 1828 et
1013 1773 1137 1850 illiturgi
1149 1774 1224 1831 Inti-

197 1861 306 1940 bilique
325 1861 476 1922 obsidione
494 1861 640 1919 liberant:
662 1883 720 1939 quo
742 1864 817 1921 facto
841 1883 941 1921 omnes
963 1884 1055 1942 prope
1077 1865 1224 1945 Hispanias

198 1956 301 2037 populi
314 1955 351 2012 ad
365 1959 511 2013 Romanos
525 1954 671 2012 deliciunt.

159 2191 187 2266 I.
203 2143 473 2273 Hausisti,
504 2199 587 2282 post
617 2207 836 2273 cannensem
875 2195 1074 2281 pugnamss,
1110 2200 1224 2257 castra

160 2312 263 2397 capta
290 2322 330 2367 ac
360 2295 513 2394 direpta,
542 2293 732 2370 confestim
756 2321 800 2366 ex
823 2295 951 2392 Apulia
975 2295 1013 2365 in
1037 2297 1223 2366 Samnium

158 2421 321 2486 moverat
340 2408 497 2478 :accitus
514 2408 551 2478 in
570 2407 741 2504 Hirpinos
764 2431 784 2477 a
810 2407 940 2493 statio,
958 2407 1173 2503 pollicente,
1186 2432 1225 2479 se

160 2503 353 2617 Compsam
368 2518 594 2594 traditurum.
615 2523 841 2615 Compsanus
859 2532 934 2588 erat
947 2517 1098 2588 Trebius
1116 2519 1223 2590 nobi-

157 2629 202 2709 lis
219 2632 315 2708 inter
332 2654 416 2702 suos
432 2655 442 2702 .·
458 2628 521 2705 sed
538 2628 725 2725 premebat
743 2654 837 2701 eum.
849 2630 1073 2727 Mopsiorum
1093 2626 1222 2717 facti0,

159 2737 298 2810 familiae
310 2763 375 2836 per
389 2738 538 2836 gratiam
552 2742 798 2808 Romanorum
813 2740 983 2836 potentis.
992 2745 1078 2810 Post
1091 2736 1223 2811 famam

160 2851 349 2921 cannensis
378 2873 526 2946 pugnae,
553 2848 812 2944 vulgatumque
843 2847 963 2922 Trebii
994 2848 1222 2921 sermonibus

160 2961 353 3032 adventum
373 2956 599 3047 Hannibalis,
616 2983 731 3056 quum
748 2960 928 3056 Mopsiani
943 2958 1034 3029 urbe
1051 2961 1221 3031 excessis·

193 3166 254 3213 Cir.
264 3166 284 3213 1.
295 3181 316 3212 1.
327 3163 455 3212 Hannibal
456 3173 516 3227 post
523 3177 667 3210 cunensem
710 3164 781 3211 niose
791 3163 856 3224 conj.
868 3163 935 3210 AEcis
946 3162 1075 3210 Hannibal
1081 3175 1141 3226 post
1152 3179 1224 3210 cana.

153 3260 277 3309 pugnam,
295 3255 390 3309 etpost
405 3255 487 3291 castra
500 3245 667 3290 Romanorum
707 3259 819 3307 pugnam
837 3243 915 3305 captis
937 3258 968 3288 ac
987 3241 1101 3305 direptrk;
1120 3242 1177 3289 vlde
1194 3242 1226 3288 ad

159 3334 233 3386 capta
246 3338 277 3370 ac
289 3323 383 3387 direpta
400 3323 462 3387 (nisi
474 3338 530 3370 cum
549 3321 603 3369 aliis
620 3322 667 3384 leg.
711 3323 805 3380 xxtt,
822 3337 868 3377 ta,
885 3337 911 3367 n.
926 3321 950 3367 3.
972 3321 1036 3368 Mox
1055 3332 1113 3386 post
1132 3321 1223 3378 Statio,

158 3412 300 3463 castraque,
308 3414 349 3450 aut
357 3412 413 3451 ante
421 3414 504 3450 castra
513 3401 669 3449 inserendum
713 3401 781 3464 quod
795 3411 831 3447 est
844 3415 986 3463 praenomen
1000 3400 1123 3458 italicum,
1141 3401 1225 3448 Trebio

159 3488 198 3534 et,
216 3494 288 3540 quam
301 3490 381 3528 tamen
395 3482 523 3546 copulam,
537 3481 557 3527 si
570 3480 669 3528 Tacitus
714 3478 879 3540 adjiciendum
892 3478 981 3544 rideri,
990 3480 1040 3539 jam
1052 3479 1149 3527 monuit
1160 3479 1226 3528 idem

158 3555 212 3604 haec
225 3558 372 3620 scripsisset,
381 3560 412 3607 ab
423 3576 452 3608 eo
463 3561 547 3626 potius
557 3550 668 3606 omissam
715 3559 874 3618 Gronovius,
888 3560 931 3623 qui
942 3560 1015 3607 etiam
1025 3559 1225 3624 Mopsioramfa-

159 3634 310 3700 crederem),
325 3649 445 3696 moverat,
460 3639 512 3686 scil.
528 3650 604 3686 castra
618 3654 669 3686 sua.
715 3638 858 3687 etioecod.
875 3641 931 3686 Put.
947 3639 1046 3702 recepit.
1060 3641 1090 3685 In
1104 3638 1226 3702 plerisque
1295 3629 1301 3643 ‘

159 3715 232 3763 Conf.
246 3716 277 3763 ad
291 3718 315 3763 [Ι
324 3751 332 3776 ,
342 3716 370 3772 3,
383 3731 409 3762 n.
424 3732 448 3763 a.
461 3722 498 3766 Ita
511 3719 538 3765 in
556 3718 670 3765 omnibus
713 3719 775 3766 MSS
785 3729 821 3766 est
832 3717 1026 3781 Compsinorum,
1037 3729 1079 3766 aut
1090 3717 1225 3781 Compsano·

161 3795 217 3843 edd.
228 3796 329 3860 legitur,
341 3807 366 3844 at
378 3795 405 3842 in
417 3797 484 3844 nullo
498 3799 558 3856 Ms,
566 3798 614 3845 sed
625 3813 671 3861 po·
714 3813 788 3853 ram‚·
797 3807 820 3844 et
838 3797 865 3843 in
882 3796 938 3843 edd.
954 3795 1153 3859 Compsanorum.
1168 3797 1225 3845 Clu-

160 3875 222 3922 tius:
236 3877 295 3922 Hac
312 3874 441 3923 Hannibal
452 3887 511 3939 post
528 3891 671 3924 cannensem
713 3877 795 3923 verius
813 3877 878 3936 conj·
896 3875 1081 3932 Statianonam,
1101 3887 1125 3925 et
1141 3877 1226 3924 Trebio

156 3968 268 4016 pugnam
284 3967 358 4019 capta
371 3970 401 4000 ac
416 3953 527 4018 direpta,
542 3966 567 4004 et
580 3956 607 4002 in
621 3970 670 4003 uno
714 3971 761 4020 pro
774 3954 861 4001 Statio.
873 3954 994 4003 Caeterum
1011 3953 1114 4018 Compsa
1128 3955 1154 4002 in
1170 3956 1227 4004 Hir·

145 4045 147 4048 ’
161 4029 207 4077 His
220 4032 327 4079 Hannib.
336 4043 396 4096 post
407 4049 551 4082 cannensem
560 4050 671 4099 prignam
714 4033 780 4098 pinis
795 4049 873 4098 prope
891 4033 971 4082 fontes
985 4032 1070 4082 Aufidi
1085 4032 1151 4086 flam,
1168 4035 1226 4093 sita,

161 4109 238 4174 captis
254 4127 285 4161 aa
299 4110 415 4178 direptis5
427 4111 493 4163 unde
510 4114 587 4164 Gton.
604 4113 672 4179 inge·
715 4112 775 4164 hod.
791 4112 883 4163 Conna.
