2782 4568
188 242 310 350 ltlzttlz
393 265 1053 335 Ltuxxtcauxxvsslm
1175 264 1219 336 55

161 385 315 480 gregatis
333 381 374 452 ad
399 385 513 481 ripam
535 385 754 482 elephantis,
774 387 941 474 tradunt,
962 385 1222 459 ferocissimum

161 494 288 581 exiis,
311 494 488 564 irritatum
510 494 555 564 ab
579 512 720 567 rectore
743 522 828 585 su0,
848 522 962 593 quum
986 495 1224 593 refugientem

159 605 197 673 in
228 628 359 699 aquam
388 610 536 675 nantem
565 620 793 702 sequeretur,
819 608 967 676 traxisse
994 627 1159 701 gregem,
1184 618 1225 673 ut

160 738 343 810 quemque
369 715 557 785 timentem
585 716 810 787 altitudinem
840 716 1051 787 destituerat
1073 714 1225 801 vadum,

160 825 297 920 impetu
316 824 394 919 ipso
415 821 572 894 fluminis
591 827 628 895 in
647 826 795 898 alteram
817 828 933 923 ripam
951 827 1122 921 rapiente.
1149 827 1225 894 Cae-

158 948 279 1003 terum
295 934 406 1029 magis
425 935 739 1031 constathratibus
758 938 927 1031 trajectos
940 933 966 1004 ⁸.
990 937 1031 1005 Id
1052 950 1092 1005 ut
1114 937 1226 1005 tutius

161 1044 347 1114 consilium
368 1059 449 1113 ante
469 1070 547 1115 rem
566 1043 678 1136 foret,
696 1047 763 1132 ita,
781 1061 857 1115 acta
876 1071 934 1132 re,
951 1045 996 1115 ad
1013 1045 1123 1116 fidem
1143 1072 1226 1143 pro·

160 1153 241 1222 nius
253 1167 317 1223 est.
333 1158 457 1223 Ratem
471 1178 600 1238 unam,
616 1154 794 1224 ducentos
804 1156 949 1252 longam
963 1155 1073 1254 pedes
1081 1166 1109 1244 9,
1122 1159 1227 1252 quin·

161 1263 333 1358 quaginta
345 1263 469 1349 latam,
482 1289 502 1332 a
514 1278 609 1333 terra
620 1265 658 1332 in
671 1289 812 1335 amnem
826 1281 1085 1361 porrexerunt:
1102 1291 1228 1362 quam,

161 1395 208 1440 ne
229 1371 387 1442 secunda
407 1397 500 1468 aqua
523 1370 741 1463 deferretur,
761 1374 927 1472 pluribus
948 1376 1073 1446 validis
1095 1377 1228 1446 retina-

160 1480 251 1550 culis
266 1497 367 1578 parte
380 1483 564 1580 superiore
577 1485 663 1580 ripae
676 1485 877 1582 religatam,
891 1487 1012 1582 pontis
1026 1487 1063 1556 in
1078 1485 1228 1556 modum

161 1589 279 1659 humo
294 1591 424 1684 injecta
439 1608 730 1682 constraverunt,
745 1611 786 1664 ut
800 1596 931 1667 belluae
948 1597 1116 1666 audacter
1130 1597 1229 1667 velut

160 1723 230 1797 per
239 1700 356 1769 solum
365 1703 649 1798 ingrederentur.
660 1704 779 1777 Altera
792 1706 894 1794 ratis,
907 1731 1009 1802 aeque
1022 1706 1107 1788 lata,
1121 1707 1228 1801 longa

161 1895 188 1926 u.
198 1895 230 1927 ao
238 1877 262 1944 ),
275 1881 392 1928 memoria
403 1916 409 1940 ,
424 1883 544 1943 narratio,
557 1884 672 1944 historia,
716 1885 844 1941 infectam,
854 1885 955 1932 alterum
964 1885 1108 1949 perlectam
1118 1882 1229 1944 conjicit·

162 1969 224 2004 aetoe
236 1958 278 2005 rei.
293 1959 409 2007 Similiter
419 1962 534 2020 XXVII,
547 1978 590 2023 27,
606 1980 632 2011 n.
648 1964 671 2011 6.
717 1980 764 2025 que
779 1963 863 2009 nando
881 1963 1051 2026 insequeretur.
1073 1965 1111 2009 Ex
1128 1960 1229 2008 adversa

163 2037 224 2098 Quoe
236 2038 340 2084 variant
351 2050 474 2096 auctores,
490 2041 538 2087 boc
552 2052 588 2088 est
606 2041 671 2089 varie
717 2053 785 2103 parte
799 2051 846 2087 stat
857 2043 972 2095 Biittner,
985 2040 1088 2087 Observ.
1103 2056 1128 2102 p.
1142 2039 1188 2097 53,
1205 2050 1230 2085 et

162 2115 270 2163 tradunt.
279 2143 312 2151 -
320 2117 501 2163 Feracissimum
508 2134 539 2164 ex
547 2118 587 2174 iis,
598 2135 672 2181 quum
715 2119 838 2180 vulgatam
846 2118 933 2164 acriter
940 2116 1063 2173 defendit,
1071 2117 1126 2163 coll.
1134 2119 1172 2172 ΙΙ,
1182 2118 1229 2175 48;

164 2206 279 2240 rectorem
292 2211 396 2253 suum,a
405 2211 454 2257 quo
467 2196 574 2243 irritatus
585 2197 672 2254 fuerat,
717 2211 801 2242 sensus
813 2206 849 2241 est
863 2209 869 2241 :
886 2195 926 2256 qui
943 2194 1063 2256 refugium
1078 2210 1189 2256 quaerens
1202 2194 1230 2240 in

162 2272 188 2319 in
198 2289 289 2336 aquam
301 2272 470 2338 refugientem,
486 2286 511 2322 et
525 2275 561 2321 ibi
574 2287 673 2322 nantem
719 2289 805 2336 aquam
817 2272 923 2319 natabat.
938 2275 983 2319 En.

164 2339 225 2416 (sed
238 2353 265 2402 rb
277 2364 376 2399 nantem
385 2364 422 2400 est
430 2355 513 2416 potius
522 2354 611 2419 glossa)
621 2364 692 2417 per?
755 2355 778 2401 8.
795 2352 911 2398 Ceterum
924 2351 1001 2414 magis
1013 2362 1122 2406 constat,
1137 2350 1231 2399 ratibus

117 2484 120 2488 .
163 2441 316 2493 sequeretur,
331 2432 450 2494 reliquum
458 2433 676 2496 postseelepban·
720 2428 1232 2494 trajectosesseelephantos,etc;eamque

163 2519 243 2557 torum
252 2525 351 2575 gregem
366 2511 485 2567 traxisse,
504 2513 626 2570 effecisse,
647 2523 675 2558 ut
719 2509 837 2556 rationem
845 2507 985 2564 solam‚sed
994 2523 1044 2554 uon
1052 2507 1230 2567 eodemmodo,

163 2601 315 2650 sequeretur,
330 2590 364 2636 ita
377 2596 419 2645 ut',
432 2592 515 2653 prouti
527 2592 629 2655 cuique,
640 2591 675 2638 al·
719 2588 794 2635 tradit
807 2587 894 2650 Polyb.
907 2589 960 2644 III,
975 2588 1017 2640 46.
1031 2614 1065 2622 —
1084 2590 1129 2643 Ut,
1147 2604 1231 2650 quern-

163 2665 288 2713 tt'tudinem
298 2684 366 2730 aquae
382 2669 562 2727 reformidanti,
571 2670 673 2726 vadrem,
720 2665 867 2721 admodum,
884 2665 912 2711 id
925 2665 1051 2712 eonsilium
1064 2666 1137 2712 tutius
1143 2666 1229 2730 staret,

163 2759 214 2807 quo
235 2745 310 2808 pedes
328 2745 429 2809 figeret,
450 2759 595 2804 recesserat,
619 2764 674 2794 eum
720 2756 852 2801 nontam,
867 2760 941 2806 quum
959 2744 1081 2791 Hannibal
1096 2745 1123 2790 id
1137 2756 1232 2807 ageret,

163 2821 215 2886 {ose
227 2821 338 2888 fluminis
356 2825 456 2889 impetus
475 2825 500 2872 in
519 2827 622 2872 alteram
642 2826 674 2872 ri·
719 2823 761 2871 sed
771 2823 888 2880 omnino,
899 2824 918 2869 si
926 2823 1046 2885 quisalius
1056 2823 1103 2869 tale
1113 2823 1173 2886 quid
1182 2840 1232 2870 mo-

157 2916 223 2964 pam
241 2913 329 2964 sponte
345 2914 461 2966 raperet;
481 2905 555 2950 Doer.
576 2903 607 2948 Id
624 2918 674 2949 non
717 2903 817 2959 liretur;
836 2904 920 2948 bauer.
935 2929 970 2936 —
986 2902 1028 2947 Ad
1037 2901 1116 2968 fidem
1127 2903 1230 2964 pronius

162 2979 394 3044 satispatet,quum
403 2983 486 3044 potius
495 2982 627 3029 verisimile
636 2983 676 3039 sit,
720 2992 771 3037 est,
796 2981 889 3027 facilius
908 2980 939 3027 ad
957 2980 1122 3038 credendum,
1142 2981 1181 3026 vel
1200 2981 1232 3027 ad

162 3074 205 3105 eos
222 3059 271 3106 boc
285 3060 378 3125 impetu
394 3061 504 3108 seeundo
520 3060 620 3107 flumine
635 3060 676 3106 de·
720 3060 919 3124 probabilitatem
947 3058 1049 3121 propius
1072 3057 1181 3114 accedit,
1206 3069 1233 3104 ut

162 3137 225 3183 latos
235 3153 300 3197 eese3
310 3138 403 3186 Stroth.
412 3139 460 3186 Sed
469 3133 549 3202 rogita
559 3140 676 3204 impetum
722 3139 773 3186 Cic.
786 3140 877 3184 Natura
893 3139 966 3183 Deor.
978 3138 1031 3191 ΙΙΙ,
1046 3143 1091 3192 40,
1100 3144 1125 3181 et
1138 3136 1194 3181 Div.
1208 3137 1234 3187 Ι,

113 3210 116 3214 ’
163 3213 271 3262 fluminis
286 3217 385 3264 navium
399 3233 565 3280 equorumque
582 3219 677 3280 agmine
723 3217 752 3272 5,
774 3216 845 3271 dicit,
866 3214 903 3260 ad
919 3213 1032 3260 ueritatis
1054 3212 1234 3260 similitudinem

163 3293 275 3352 fractum,
283 3306 307 3342 et
316 3294 347 3341 ad
357 3297 433 3360 ripam
443 3296 679 3359 ulterioremimpul·
717 3292 861 3356 propensius
871 3303 913 3338 est.

165 3388 225 3420 sum.
240 3373 322 3419 Verba
333 3384 413 3421 autem
425 3391 543 3439 quemque
557 3375 678 3422 timentem
758 3385 782 3431 9.
795 3372 880 3416 liutem
893 3385 968 3415 unam
985 3369 1029 3415 CC
1039 3370 1137 3433 longam
1144 3371 1232 3433 pedes,

165 3450 318 3498 altitudinem
335 3469 387 3499 non
403 3454 461 3500 satis
476 3455 597 3518 eleganter
613 3455 678 3502 dicta
722 3444 767 3500 lto
777 3451 869 3517 πλέθρα
881 3447 946 3512 apud
959 3447 1049 3512 Polyb.
1064 3450 1115 3505 111,
1133 3449 1179 3507 46,
1193 3450 1235 3512 qui

164 3529 294 3586 videntum
306 3540 331 3576 et
348 3547 394 3594 pro
407 3543 505 3578 nantem
515 3549 570 3579 cum
584 3535 678 3580 Bauero
722 3546 769 3593 pro
788 3545 801 3575 2
820 3528 913 3576 ratibus
930 3538 1050 3574 memorat
1070 3528 1083 3573 3
1102 3538 1193 3590 pontes
1206 3546 1237 3576 ex

164 3607 227 3654 forte
242 3608 288 3671 leg.
299 3608 396 3664 nando,
407 3611 446 3656 vel
456 3627 518 3658 nans
528 3629 536 3658 :
548 3613 593 3658 etei
607 3613 680 3675 parti·
720 3609 816 3657 ratibus
823 3610 931 3669 junctos.
940 3635 975 3644 -
982 3606 1131 3661 Persolum;
1146 3610 1236 3656 «Forte

139 3700 143 3707 ·
165 3682 678 3753 cipiaaaepedeuvdiruejunguntur,quod
721 3690 768 3752 leg.
788 3704 834 3752 per
847 3688 964 3742 solidum,
982 3696 1006 3732 et
1023 3700 1082 3732 mox
1096 3689 1238 3751 transgressi

165 3776 249 3812 monet
269 3765 383 3814 Scbaefer.
402 3795 431 3802 -
442 3768 568 3814 Walcbius
587 3779 678 3828 tamen,
723 3778 811 3822 essent,
830 3767 877 3812 nisi
893 3758 1007 3813 conlidit
1024 3776 1151 3827 tempora,
1169 3768 1238 3814 utin

164 3843 265 3890 Emend.
281 3861 338 3908 pag.
354 3847 399 3903 82,
416 3845 512 3893 dubitat
525 3861 556 3892 an
565 3848 635 3910 jungi
648 3849 678 3895 li-
724 3847 797 3893 simili
806 3861 832 3892 re
843 3843 956 3908 Tbucyd.
969 3846 1006 3901 II,
1020 3845 1063 3901 34;
1072 3842 1115 3889 ubi
1128 3856 1167 3901 et,
1178 3845 1238 3908 quid

164 3935 218 3972 oeat
242 3919 382 3982 deuadiroe
402 3924 452 3970 duo
465 3927 592 3988 praesentis
605 3927 679 3991 parti-
725 3938 777 3972 tum
793 3926 819 3971 in
836 3923 981 3988 sepeliendis
1001 3922 1119 3968 militibus
1134 3923 1241 3981 factum,

163 4001 241 4066 alpia,
261 4017 365 4065 quorum
384 4004 485 4052 alterum
502 4005 613 4068 designet
628 4022 681 4053 rem
725 4016 749 4054 et
759 4005 872 4053 universe
882 4019 909 4050 ac
921 4017 1015 4068 semper
1023 4001 1113 4048 factum
1123 4001 1238 4059 sit,mix·
