<?xml version="1.0" encoding="UTF-8"?>
<!DOCTYPE html PUBLIC "-//W3C//DTD XHTML 1.0 Transitional//EN"
    "http://www.w3.org/TR/xhtml1/DTD/xhtml1-transitional.dtd">
<html xmlns="http://www.w3.org/1999/xhtml" xml:lang="en" lang="en">
 <head>
  <title>
</title>
<meta http-equiv="Content-Type" content="text/html;charset=utf-8" />
  <meta name='ocr-system' content='tesseract 3.04.00' />
  <meta name='ocr-capabilities' content='ocr_page ocr_carea ocr_par ocr_line ocrx_word'/>
</head>
<body>
  <div class='ocr_page' id='page_1' title='image "./titusliviuspata06freigoog_0225.png"; bbox 0 0 2782 4568; ppageno 0'>
   <div class='ocr_carea' id='block_1_1' title="bbox 1106 327 1247 431">
    <p class='ocr_par' dir='ltr' id='par_1_1' title="bbox 1106 327 1247 431">
     <span class='ocr_line' id='line_1_1' title="bbox 1106 327 1227 370; baseline 0.025 -3"><span class='ocrx_word' id='word_1_1' title='bbox 1106 330 1131 367; x_wconf 81' lang='grc' dir='ltr'><strong>Δ.</strong></span> <span class='ocrx_word' id='word_1_2' title='bbox 1144 327 1167 367; x_wconf 82' lang='lat' dir='ltr'><strong>C.</strong></span> <span class='ocrx_word' id='word_1_3' title='bbox 1182 328 1227 370; x_wconf 69' lang='grc' dir='ltr'><strong>πθ.</strong></span> 
     </span>
     <span class='ocr_line' id='line_1_2' title="bbox 1106 389 1247 431; baseline -0.021 0"><span class='ocrx_word' id='word_1_4' title='bbox 1106 391 1132 431; x_wconf 82' lang='lat' dir='ltr'><strong>li·</strong></span> <span class='ocrx_word' id='word_1_5' title='bbox 1141 389 1165 428; x_wconf 86' lang='lat' dir='ltr'><strong>C.</strong></span> <span class='ocrx_word' id='word_1_6' title='bbox 1181 390 1228 430; x_wconf 82' lang='lat'><strong>536.</strong></span> <span class='ocrx_word' id='word_1_7' title='bbox 1241 411 1247 417; x_wconf 89' lang='lat'>·</span> 
     </span>
    </p>
   </div>
   <div class='ocr_carea' id='block_1_2' title="bbox 176 352 1290 2114">
    <p class='ocr_par' dir='ltr' id='par_1_2' title="bbox 176 352 1290 2114">
     <span class='ocr_line' id='line_1_3' title="bbox 199 352 835 424; baseline -0.008 -1"><span class='ocrx_word' id='word_1_8' title='bbox 199 354 270 424; x_wconf 73' lang='lat'><strong>218</strong></span> <span class='ocrx_word' id='word_1_9' title='bbox 624 355 662 420; x_wconf 88' lang='lat' dir='ltr'><strong>T.</strong></span> <span class='ocrx_word' id='word_1_10' title='bbox 695 352 835 421; x_wconf 86' lang='lat' dir='ltr'><strong>LIVII</strong></span> 
     </span>
     <span class='ocr_line' id='line_1_4' title="bbox 198 469 1256 571; baseline -0.003 -29"><span class='ocrx_word' id='word_1_11' title='bbox 198 469 496 544; x_wconf 78' lang='lat' dir='ltr'><strong>«contemnendo</strong></span> <span class='ocrx_word' id='word_1_12' title='bbox 512 473 632 568; x_wconf 89' lang='lat' dir='ltr'><strong>potius</strong></span> <span class='ocrx_word' id='word_1_13' title='bbox 653 499 760 571; x_wconf 82' lang='lat' dir='ltr'><strong>quarn</strong></span> <span class='ocrx_word' id='word_1_14' title='bbox 776 470 981 570; x_wconf 86' lang='lat' dir='ltr'><strong>appetendo</strong></span> <span class='ocrx_word' id='word_1_15' title='bbox 999 469 1165 569; x_wconf 82' lang='lat' dir='ltr'><strong>gloriam,</strong></span> <span class='ocrx_word' id='word_1_16' title='bbox 1182 494 1256 540; x_wconf 85' lang='lat' dir='ltr'><strong>mo</strong></span> 
     </span>
     <span class='ocr_line' id='line_1_5' title="bbox 176 579 1255 655; baseline 0 -5"><span class='ocrx_word' id='word_1_17' title='bbox 176 614 214 650; x_wconf 69' lang='lat' dir='ltr'><strong>e</strong></span> <span class='ocrx_word' id='word_1_18' title='bbox 227 585 312 655; x_wconf 91' lang='lat' dir='ltr'><strong>dum</strong></span> <span class='ocrx_word' id='word_1_19' title='bbox 336 587 558 655; x_wconf 84' lang='lat' dir='ltr'><strong>excesserim.</strong></span> <span class='ocrx_word' id='word_1_20' title='bbox 581 585 649 655; x_wconf 89' lang='lat' dir='ltr'><strong>Sed</strong></span> <span class='ocrx_word' id='word_1_21' title='bbox 671 588 717 654; x_wconf 87' lang='lat' dir='ltr'><strong>ita</strong></span> <span class='ocrx_word' id='word_1_22' title='bbox 735 610 793 655; x_wconf 89' lang='lat' dir='ltr'><strong>res</strong></span> <span class='ocrx_word' id='word_1_23' title='bbox 811 582 943 653; x_wconf 87' lang='lat' dir='ltr'><strong>habet:</strong></span> <span class='ocrx_word' id='word_1_24' title='bbox 963 606 1036 652; x_wconf 92' lang='lat' dir='ltr'><strong>una</strong></span> <span class='ocrx_word' id='word_1_25' title='bbox 1055 583 1146 652; x_wconf 82' lang='lat' dir='ltr'><strong>ratio</strong></span> <span class='ocrx_word' id='word_1_26' title='bbox 1168 579 1255 652; x_wconf 91' lang='lat' dir='ltr'><strong>belli</strong></span> 
     </span>
     <span class='ocr_line' id='line_1_6' title="bbox 196 693 1290 792; baseline 0.002 -32"><span class='ocrx_word' id='word_1_27' title='bbox 196 725 214 760; x_wconf 74' lang='lat' dir='ltr'><strong>e</strong></span> <span class='ocrx_word' id='word_1_28' title='bbox 228 693 377 792; x_wconf 86' lang='lat' dir='ltr'><strong>gerendi</strong></span> <span class='ocrx_word' id='word_1_29' title='bbox 391 694 558 765; x_wconf 87' lang='lat' dir='ltr'><strong>adversus</strong></span> <span class='ocrx_word' id='word_1_30' title='bbox 572 695 807 766; x_wconf 82' lang='lat' dir='ltr'><strong>Hannibalern</strong></span> <span class='ocrx_word' id='word_1_31' title='bbox 822 709 893 781; x_wconf 88' lang='lat' dir='ltr'><strong>est,</strong></span> <span class='ocrx_word' id='word_1_32' title='bbox 906 718 978 789; x_wconf 89' lang='lat' dir='ltr'><strong>qua</strong></span> <span class='ocrx_word' id='word_1_33' title='bbox 991 718 1057 790; x_wconf 86' lang='lat' dir='ltr'><strong>ego</strong></span> <span class='ocrx_word' id='word_1_34' title='bbox 1071 694 1169 790; x_wconf 86' lang='lat' dir='ltr'>gessi.</span> <span class='ocrx_word' id='word_1_35' title='bbox 1180 696 1255 763; x_wconf 92' lang='lat' dir='ltr'><strong>Nec</strong></span> <span class='ocrx_word' id='word_1_36' title='bbox 1272 695 1290 749; x_wconf 73' lang='grc'><strong>’-</strong></span> 
     </span>
     <span class='ocr_line' id='line_1_7' title="bbox 196 802 1254 900; baseline 0 -29"><span class='ocrx_word' id='word_1_37' title='bbox 196 832 213 871; x_wconf 86' lang='lat'>«</span> <span class='ocrx_word' id='word_1_38' title='bbox 227 817 375 897; x_wconf 83' lang='lat' dir='ltr'><strong>eventus</strong></span> <span class='ocrx_word' id='word_1_39' title='bbox 386 803 496 874; x_wconf 90' lang='lat' dir='ltr'><strong>modo</strong></span> <span class='ocrx_word' id='word_1_40' title='bbox 506 805 575 876; x_wconf 91' lang='lat' dir='ltr'><strong>hoc</strong></span> <span class='ocrx_word' id='word_1_41' title='bbox 585 804 692 876; x_wconf 90' lang='lat' dir='ltr'><strong>docet</strong></span> <span class='ocrx_word' id='word_1_42' title='bbox 703 805 909 898; x_wconf 87' lang='lat' dir='ltr'><strong>(stultorum</strong></span> <span class='ocrx_word' id='word_1_43' title='bbox 920 806 985 875; x_wconf 89' lang='lat' dir='ltr'><strong>iste</strong></span> <span class='ocrx_word' id='word_1_44' title='bbox 998 804 1163 900; x_wconf 86' lang='lat' dir='ltr'><strong>magister</strong></span> <span class='ocrx_word' id='word_1_45' title='bbox 1172 802 1254 897; x_wconf 90' lang='lat' dir='ltr'><strong>est),</strong></span> 
     </span>
     <span class='ocr_line' id='line_1_8' title="bbox 195 912 1257 1011; baseline 0.004 -33"><span class='ocrx_word' id='word_1_46' title='bbox 195 941 213 978; x_wconf 76' lang='lat' dir='ltr'><strong>e</strong></span> <span class='ocrx_word' id='word_1_47' title='bbox 226 912 288 983; x_wconf 90' lang='lat' dir='ltr'><strong>sed</strong></span> <span class='ocrx_word' id='word_1_48' title='bbox 308 913 431 983; x_wconf 88' lang='lat' dir='ltr'><strong>eadem</strong></span> <span class='ocrx_word' id='word_1_49' title='bbox 448 916 553 1002; x_wconf 88' lang='lat' dir='ltr'><strong>rati0‚</strong></span> <span class='ocrx_word' id='word_1_50' title='bbox 573 940 652 1011; x_wconf 88' lang='lat' dir='ltr'><strong>quae</strong></span> <span class='ocrx_word' id='word_1_51' title='bbox 667 913 754 1002; x_wconf 85' lang='lat' dir='ltr'><strong>suit,</strong></span> <span class='ocrx_word' id='word_1_52' title='bbox 770 914 980 1010; x_wconf 85' lang='lat' dir='ltr'><strong>futuraque,</strong></span> <span class='ocrx_word' id='word_1_53' title='bbox 994 912 1181 983; x_wconf 83' lang='lat' dir='ltr'><strong>donceres</strong></span> <span class='ocrx_word' id='word_1_54' title='bbox 1196 935 1257 982; x_wconf 86' lang='lat' dir='ltr'><strong>eae·</strong></span> 
     </span>
     <span class='ocr_line' id='line_1_9' title="bbox 195 1016 1257 1118; baseline -0.001 -26"><span class='ocrx_word' id='word_1_55' title='bbox 195 1055 213 1092; x_wconf 79' lang='lat' dir='ltr'><strong>e</strong></span> <span class='ocrx_word' id='word_1_56' title='bbox 227 1026 309 1096; x_wconf 90' lang='lat' dir='ltr'><strong>dem</strong></span> <span class='ocrx_word' id='word_1_57' title='bbox 318 1024 533 1115; x_wconf 86' lang='lat' dir='ltr'><strong>manebunt,</strong></span> <span class='ocrx_word' id='word_1_58' title='bbox 544 1016 776 1097; x_wconf 83' lang='lat' dir='ltr'><strong>immutabilis</strong></span> <span class='ocrx_word' id='word_1_59' title='bbox 788 1040 853 1097; x_wconf 89' lang='lat' dir='ltr'><strong>est.</strong></span> <span class='ocrx_word' id='word_1_60' title='bbox 863 1023 1015 1095; x_wconf 90' lang='lat' dir='ltr'><strong>lnItalia</strong></span> <span class='ocrx_word' id='word_1_61' title='bbox 1023 1022 1160 1094; x_wconf 91' lang='lat' dir='ltr'><strong>bellum</strong></span> <span class='ocrx_word' id='word_1_62' title='bbox 1170 1023 1257 1118; x_wconf 86' lang='lat' dir='ltr'><strong>geri·</strong></span> 
     </span>
     <span class='ocr_line' id='line_1_10' title="bbox 195 1133 1257 1231; baseline -0.002 -29"><span class='ocrx_word' id='word_1_63' title='bbox 195 1167 213 1203; x_wconf 75' lang='grc' dir='ltr'><strong>ιι</strong></span> <span class='ocrx_word' id='word_1_64' title='bbox 226 1161 321 1223; x_wconf 89' lang='lat' dir='ltr'><strong>mus,</strong></span> <span class='ocrx_word' id='word_1_65' title='bbox 330 1138 367 1205; x_wconf 91' lang='lat' dir='ltr'><strong>in</strong></span> <span class='ocrx_word' id='word_1_66' title='bbox 383 1136 466 1208; x_wconf 92' lang='lat' dir='ltr'><strong>sede</strong></span> <span class='ocrx_word' id='word_1_67' title='bbox 480 1138 522 1207; x_wconf 83' lang='lat' dir='ltr'><strong>ac&#39;</strong></span> <span class='ocrx_word' id='word_1_68' title='bbox 535 1137 612 1209; x_wconf 93' lang='lat' dir='ltr'><strong>solo</strong></span> <span class='ocrx_word' id='word_1_69' title='bbox 621 1152 763 1223; x_wconf 80' lang='lat' dir='ltr'><strong>nostr03</strong></span> <span class='ocrx_word' id='word_1_70' title='bbox 774 1137 894 1206; x_wconf 88' lang='lat' dir='ltr'><strong>omnia</strong></span> <span class='ocrx_word' id='word_1_71' title='bbox 906 1137 998 1205; x_wconf 86' lang='lat' dir='ltr'><strong>circa</strong></span> <span class='ocrx_word' id='word_1_72' title='bbox 1008 1133 1114 1231; x_wconf 89' lang='lat' dir='ltr'><strong>plena</strong></span> <span class='ocrx_word' id='word_1_73' title='bbox 1124 1133 1257 1202; x_wconf 91' lang='lat' dir='ltr'><strong>civium</strong></span> 
     </span>
     <span class='ocr_line' id='line_1_11' title="bbox 195 1241 1255 1340; baseline -0.003 -27"><span class='ocrx_word' id='word_1_74' title='bbox 195 1277 213 1313; x_wconf 78' lang='lat' dir='ltr'><strong>r</strong></span> <span class='ocrx_word' id='word_1_75' title='bbox 227 1271 268 1317; x_wconf 90' lang='lat' dir='ltr'><strong>ac</strong></span> <span class='ocrx_word' id='word_1_76' title='bbox 282 1247 460 1316; x_wconf 89' lang='lat' dir='ltr'><strong>sociorum</strong></span> <span class='ocrx_word' id='word_1_77' title='bbox 478 1262 582 1334; x_wconf 85' lang='lat' dir='ltr'><strong>sunt;</strong></span> <span class='ocrx_word' id='word_1_78' title='bbox 597 1248 721 1335; x_wconf 88' lang='lat' dir='ltr'><strong>armis,</strong></span> <span class='ocrx_word' id='word_1_79' title='bbox 733 1248 835 1331; x_wconf 79' lang='lat' dir='ltr'><strong>viris,</strong></span> <span class='ocrx_word' id='word_1_80' title='bbox 857 1245 975 1340; x_wconf 82' lang='lat' dir='ltr'><strong>equis,</strong></span> <span class='ocrx_word' id='word_1_81' title='bbox 996 1241 1255 1312; x_wconf 83' lang='lat' dir='ltr'><strong>commeatibus</strong></span> 
     </span>
     <span class='ocr_line' id='line_1_12' title="bbox 193 1352 1255 1452; baseline 0 -30"><span class='ocrx_word' id='word_1_82' title='bbox 193 1357 347 1452; x_wconf 87' lang='lat' dir='ltr'><strong>«juvant</strong></span> <span class='ocrx_word' id='word_1_83' title='bbox 361 1355 630 1452; x_wconf 81' lang='lat' dir='ltr'><strong>jurabuntque:</strong></span> <span class='ocrx_word' id='word_1_84' title='bbox 642 1357 678 1426; x_wconf 93' lang='lat' dir='ltr'><strong>id</strong></span> <span class='ocrx_word' id='word_1_85' title='bbox 691 1359 763 1450; x_wconf 88' lang='lat' dir='ltr'><strong>jam</strong></span> <span class='ocrx_word' id='word_1_86' title='bbox 778 1355 864 1426; x_wconf 87' lang='lat' dir='ltr'><strong>fidei</strong></span> <span class='ocrx_word' id='word_1_87' title='bbox 876 1354 1135 1425; x_wconf 85' lang='lat' dir='ltr'><strong>documentum</strong></span> <span class='ocrx_word' id='word_1_88' title='bbox 1147 1353 1185 1420; x_wconf 92' lang='lat' dir='ltr'><strong>in</strong></span> <span class='ocrx_word' id='word_1_89' title='bbox 1195 1352 1255 1422; x_wconf 88' lang='lat' dir='ltr'><strong>ad·</strong></span> 
     </span>
     <span class='ocr_line' id='line_1_13' title="bbox 195 1458 1256 1559; baseline -0.002 -27"><span class='ocrx_word' id='word_1_90' title='bbox 195 1497 212 1533; x_wconf 77' lang='grc' dir='ltr'>α</span> <span class='ocrx_word' id='word_1_91' title='bbox 224 1468 334 1538; x_wconf 86' lang='lat' dir='ltr'><strong>versis</strong></span> <span class='ocrx_word' id='word_1_92' title='bbox 349 1467 456 1538; x_wconf 87' lang='lat' dir='ltr'><strong>rebus</strong></span> <span class='ocrx_word' id='word_1_93' title='bbox 471 1462 603 1537; x_wconf 91' lang='lat' dir='ltr'><strong>nostris</strong></span> <span class='ocrx_word' id='word_1_94' title='bbox 618 1458 832 1536; x_wconf 79' lang='lat' dir='ltr'><strong>dederunt⁶.</strong></span> <span class='ocrx_word' id='word_1_95' title='bbox 849 1464 1032 1550; x_wconf 87' lang='lat' dir='ltr'><strong>Meliores‚</strong></span> <span class='ocrx_word' id='word_1_96' title='bbox 1048 1461 1256 1559; x_wconf 87' lang='lat' dir='ltr'><strong>prudentio·</strong></span> 
     </span>
     <span class='ocr_line' id='line_1_14' title="bbox 196 1571 1256 1673; baseline 0 -29"><span class='ocrx_word' id='word_1_97' title='bbox 196 1603 299 1664; x_wconf 74' lang='lat' dir='ltr'><strong>«res,</strong></span> <span class='ocrx_word' id='word_1_98' title='bbox 310 1579 569 1648; x_wconf 68' lang='lat' dir='ltr'><strong>constantiores</strong></span> <span class='ocrx_word' id='word_1_99' title='bbox 582 1601 648 1646; x_wconf 91' lang='lat' dir='ltr'><strong>nos</strong></span> <span class='ocrx_word' id='word_1_100' title='bbox 658 1590 800 1673; x_wconf 88' lang='lat' dir='ltr'><strong>tempus</strong></span> <span class='ocrx_word' id='word_1_101' title='bbox 811 1576 960 1671; x_wconf 88' lang='lat' dir='ltr'><strong>diesque</strong></span> <span class='ocrx_word' id='word_1_102' title='bbox 972 1571 1064 1644; x_wconf 83' lang='lat' dir='ltr'><strong>facit.</strong></span> <span class='ocrx_word' id='word_1_103' title='bbox 1076 1573 1256 1644; x_wconf 83' lang='lat' dir='ltr'><strong>Hannibal</strong></span> 
     </span>
     <span class='ocr_line' id='line_1_15' title="bbox 195 1683 1274 1774; baseline 0.003 -23"><span class='ocrx_word' id='word_1_104' title='bbox 195 1716 213 1751; x_wconf 76' lang='grc' dir='ltr'><strong>α</strong></span> <span class='ocrx_word' id='word_1_105' title='bbox 227 1702 353 1757; x_wconf 87' lang='lat' dir='ltr'><strong>contra</strong></span> <span class='ocrx_word' id='word_1_106' title='bbox 368 1689 405 1756; x_wconf 91' lang='lat' dir='ltr'><strong>in</strong></span> <span class='ocrx_word' id='word_1_107' title='bbox 418 1687 551 1769; x_wconf 85' lang='lat' dir='ltr'><strong>aliena,</strong></span> <span class='ocrx_word' id='word_1_108' title='bbox 566 1688 602 1755; x_wconf 93' lang='lat' dir='ltr'><strong>in</strong></span> <span class='ocrx_word' id='word_1_109' title='bbox 618 1684 738 1756; x_wconf 88' lang='lat' dir='ltr'><strong>hostili</strong></span> <span class='ocrx_word' id='word_1_110' title='bbox 753 1700 805 1757; x_wconf 89' lang='lat' dir='ltr'><strong>est</strong></span> <span class='ocrx_word' id='word_1_111' title='bbox 821 1701 934 1774; x_wconf 87' lang='lat' dir='ltr'><strong>terra,</strong></span> <span class='ocrx_word' id='word_1_112' title='bbox 949 1686 1045 1755; x_wconf 88' lang='lat' dir='ltr'><strong>inter</strong></span> <span class='ocrx_word' id='word_1_113' title='bbox 1056 1685 1177 1754; x_wconf 86' lang='lat' dir='ltr'><strong>omnia</strong></span> <span class='ocrx_word' id='word_1_114' title='bbox 1189 1685 1255 1754; x_wconf 94' lang='lat' dir='ltr'><strong>ini·</strong></span> <span class='ocrx_word' id='word_1_115' title='bbox 1272 1683 1274 1686; x_wconf 68' lang='grc'><strong>’</strong></span> 
     </span>
     <span class='ocr_line' id='line_1_16' title="bbox 197 1795 1254 1895; baseline 0.005 -34"><span class='ocrx_word' id='word_1_116' title='bbox 197 1826 214 1862; x_wconf 89' lang='lat'>«</span> <span class='ocrx_word' id='word_1_117' title='bbox 229 1798 320 1867; x_wconf 89' lang='lat' dir='ltr'><strong>mica</strong></span> <span class='ocrx_word' id='word_1_118' title='bbox 336 1796 556 1892; x_wconf 86' lang='lat' dir='ltr'><strong>infestaque,</strong></span> <span class='ocrx_word' id='word_1_119' title='bbox 572 1797 699 1895; x_wconf 90' lang='lat' dir='ltr'><strong>procul</strong></span> <span class='ocrx_word' id='word_1_120' title='bbox 716 1797 762 1867; x_wconf 91' lang='lat' dir='ltr'><strong>ab</strong></span> <span class='ocrx_word' id='word_1_121' title='bbox 779 1798 908 1885; x_wconf 89' lang='lat' dir='ltr'><strong>d0m0‚</strong></span> <span class='ocrx_word' id='word_1_122' title='bbox 926 1796 1054 1894; x_wconf 89' lang='lat' dir='ltr'><strong>procul</strong></span> <span class='ocrx_word' id='word_1_123' title='bbox 1071 1795 1116 1866; x_wconf 90' lang='lat' dir='ltr'><strong>ab</strong></span> <span class='ocrx_word' id='word_1_124' title='bbox 1130 1796 1254 1893; x_wconf 76' lang='lat' dir='ltr'><strong>patria.</strong></span> 
     </span>
     <span class='ocr_line' id='line_1_17' title="bbox 195 1906 1258 2004; baseline 0.004 -34"><span class='ocrx_word' id='word_1_125' title='bbox 195 1906 353 2003; x_wconf 87' lang='lat' dir='ltr'><strong>«Neque</strong></span> <span class='ocrx_word' id='word_1_126' title='bbox 365 1906 416 1976; x_wconf 89' lang='lat' dir='ltr'><strong>illi</strong></span> <span class='ocrx_word' id='word_1_127' title='bbox 430 1921 542 1993; x_wconf 86' lang='lat' dir='ltr'><strong>terra,</strong></span> <span class='ocrx_word' id='word_1_128' title='bbox 561 1932 679 2004; x_wconf 89' lang='lat' dir='ltr'><strong>neque</strong></span> <span class='ocrx_word' id='word_1_129' title='bbox 697 1909 787 1978; x_wconf 87' lang='lat' dir='ltr'><strong>mari</strong></span> <span class='ocrx_word' id='word_1_130' title='bbox 800 1921 853 1977; x_wconf 91' lang='lat' dir='ltr'><strong>est</strong></span> <span class='ocrx_word' id='word_1_131' title='bbox 869 1931 939 2002; x_wconf 85' lang='lat' dir='ltr'><strong>pax</strong></span> <span class='ocrx_word' id='word_1_132' title='bbox 955 1934 962 1975; x_wconf 94' lang='lat'><strong>:</strong></span> <span class='ocrx_word' id='word_1_133' title='bbox 979 1907 1087 1976; x_wconf 83' lang='lat' dir='ltr'><strong>nullae</strong></span> <span class='ocrx_word' id='word_1_134' title='bbox 1102 1931 1184 1976; x_wconf 90' lang='lat' dir='ltr'><strong>eum</strong></span> <span class='ocrx_word' id='word_1_135' title='bbox 1200 1929 1258 1975; x_wconf 90' lang='lat' dir='ltr'><strong>ur-</strong></span> 
     </span>
     <span class='ocr_line' id='line_1_18' title="bbox 197 2013 1255 2114; baseline 0.002 -33"><span class='ocrx_word' id='word_1_136' title='bbox 197 2046 214 2082; x_wconf 91' lang='lat'>«</span> <span class='ocrx_word' id='word_1_137' title='bbox 229 2015 293 2088; x_wconf 88' lang='lat' dir='ltr'><strong>bes</strong></span> <span class='ocrx_word' id='word_1_138' title='bbox 307 2019 506 2114; x_wconf 86' lang='lat' dir='ltr'><strong>accipiunt,</strong></span> <span class='ocrx_word' id='word_1_139' title='bbox 520 2018 620 2088; x_wconf 87' lang='lat' dir='ltr'><strong>nulla</strong></span> <span class='ocrx_word' id='word_1_140' title='bbox 632 2020 783 2090; x_wconf 89' lang='lat' dir='ltr'><strong>moenia:</strong></span> <span class='ocrx_word' id='word_1_141' title='bbox 796 2016 886 2087; x_wconf 88' lang='lat' dir='ltr'><strong>nihil</strong></span> <span class='ocrx_word' id='word_1_142' title='bbox 904 2041 1055 2113; x_wconf 88' lang='lat' dir='ltr'><strong>usquam</strong></span> <span class='ocrx_word' id='word_1_143' title='bbox 1071 2017 1125 2086; x_wconf 91' lang='lat' dir='ltr'><strong>sui</strong></span> <span class='ocrx_word' id='word_1_144' title='bbox 1137 2013 1255 2085; x_wconf 87' lang='lat' dir='ltr'><strong>videt:</strong></span> 
     </span>
    </p>
   </div>
   <div class='ocr_carea' id='block_1_3' title="bbox 196 2125 1257 2225">
    <p class='ocr_par' dir='ltr' id='par_1_3' title="bbox 196 2125 1257 2225">
     <span class='ocr_line' id='line_1_19' title="bbox 196 2125 1257 2225; baseline 0.001 -33"><span class='ocrx_word' id='word_1_145' title='bbox 196 2156 214 2192; x_wconf 89' lang='lat'>«</span> <span class='ocrx_word' id='word_1_146' title='bbox 226 2129 264 2198; x_wconf 91' lang='lat' dir='ltr'><strong>in</strong></span> <span class='ocrx_word' id='word_1_147' title='bbox 280 2128 375 2198; x_wconf 91' lang='lat' dir='ltr'><strong>diem</strong></span> <span class='ocrx_word' id='word_1_148' title='bbox 389 2143 494 2225; x_wconf 88' lang='lat' dir='ltr'><strong>rapto</strong></span> <span class='ocrx_word' id='word_1_149' title='bbox 505 2130 601 2198; x_wconf 88' lang='lat' dir='ltr'><strong>vivit.</strong></span> <span class='ocrx_word' id='word_1_150' title='bbox 616 2135 756 2199; x_wconf 83' lang='lat' dir='ltr'><strong>Partem</strong></span> <span class='ocrx_word' id='word_1_151' title='bbox 766 2129 824 2196; x_wconf 86' lang='lat' dir='ltr'><strong>vix</strong></span> <span class='ocrx_word' id='word_1_152' title='bbox 838 2129 982 2198; x_wconf 86' lang='lat' dir='ltr'><strong>tertiam</strong></span> <span class='ocrx_word' id='word_1_153' title='bbox 997 2125 1257 2219; x_wconf 86' lang='lat' dir='ltr'><strong>exercitusejus</strong></span> 
     </span>
    </p>
   </div>
   <div class='ocr_carea' id='block_1_4' title="bbox 198 2235 1256 2334">
    <p class='ocr_par' dir='ltr' id='par_1_4' title="bbox 198 2235 1256 2334">
     <span class='ocr_line' id='line_1_20' title="bbox 198 2235 1256 2334; baseline 0.003 -32"><span class='ocrx_word' id='word_1_154' title='bbox 198 2266 215 2302; x_wconf 89' lang='lat'>«</span> <span class='ocrx_word' id='word_1_155' title='bbox 230 2237 357 2326; x_wconf 84' lang='lat' dir='ltr'><strong>habet,</strong></span> <span class='ocrx_word' id='word_1_156' title='bbox 373 2263 483 2334; x_wconf 89' lang='lat' dir='ltr'><strong>quem</strong></span> <span class='ocrx_word' id='word_1_157' title='bbox 497 2238 643 2310; x_wconf 90' lang='lat' dir='ltr'><strong>Iberum</strong></span> <span class='ocrx_word' id='word_1_158' title='bbox 657 2263 800 2310; x_wconf 89' lang='lat' dir='ltr'><strong>amnem</strong></span> <span class='ocrx_word' id='word_1_159' title='bbox 814 2238 952 2334; x_wconf 87' lang='lat' dir='ltr'><strong>trajecit</strong></span> <span class='ocrx_word' id='word_1_160' title='bbox 966 2265 973 2307; x_wconf 75' lang='grc' dir='ltr'>ε</span> <span class='ocrx_word' id='word_1_161' title='bbox 990 2238 1113 2334; x_wconf 89' lang='lat' dir='ltr'><strong>plures</strong></span> <span class='ocrx_word' id='word_1_162' title='bbox 1124 2235 1256 2322; x_wconf 79' lang='lat' dir='ltr'><strong>fames,</strong></span> 
     </span>
    </p>
   </div>
   <div class='ocr_carea' id='block_1_5' title="bbox 135 2423 724 4148">
    <p class='ocr_par' dir='ltr' id='par_1_5' title="bbox 135 2423 724 4148">
     <span class='ocr_line' id='line_1_21' title="bbox 196 2423 705 2489; baseline 0.006 -19"><span class='ocrx_word' id='word_1_163' title='bbox 196 2424 244 2482; x_wconf 82' lang='lat' dir='ltr'><strong>rei3</strong></span> <span class='ocrx_word' id='word_1_164' title='bbox 256 2423 472 2489; x_wconf 81' lang='lat' dir='ltr'><strong>Bauer.)adversus</strong></span> <span class='ocrx_word' id='word_1_165' title='bbox 479 2442 552 2473; x_wconf 83' lang='lat' dir='ltr'><strong>unum</strong></span> <span class='ocrx_word' id='word_1_166' title='bbox 559 2437 607 2483; x_wconf 89' lang='lat' dir='ltr'><strong>est,</strong></span> <span class='ocrx_word' id='word_1_167' title='bbox 623 2426 705 2485; x_wconf 86' lang='lat' dir='ltr'><strong>idest,</strong></span> 
     </span>
     <span class='ocr_line' id='line_1_22' title="bbox 194 2503 704 2567; baseline 0.002 -18"><span class='ocrx_word' id='word_1_168' title='bbox 194 2503 261 2567; x_wconf 86' lang='lat' dir='ltr'><strong>apud</strong></span> <span class='ocrx_word' id='word_1_169' title='bbox 271 2515 294 2550; x_wconf 90' lang='lat' dir='ltr'><strong>te</strong></span> <span class='ocrx_word' id='word_1_170' title='bbox 307 2519 396 2562; x_wconf 90' lang='lat' dir='ltr'><strong>unum,</strong></span> <span class='ocrx_word' id='word_1_171' title='bbox 410 2521 491 2552; x_wconf 86' lang='lat' dir='ltr'><strong>coram</strong></span> <span class='ocrx_word' id='word_1_172' title='bbox 505 2517 529 2553; x_wconf 84' lang='lat' dir='ltr'><strong>te</strong></span> <span class='ocrx_word' id='word_1_173' title='bbox 538 2520 596 2552; x_wconf 88' lang='lat' dir='ltr'><strong>uno.</strong></span> <span class='ocrx_word' id='word_1_174' title='bbox 610 2509 647 2552; x_wconf 86' lang='lat' dir='ltr'><strong>Ita</strong></span> <span class='ocrx_word' id='word_1_175' title='bbox 657 2507 704 2553; x_wconf 88' lang='lat' dir='ltr'><strong>Str.</strong></span> 
     </span>
     <span class='ocr_line' id='line_1_23' title="bbox 195 2583 705 2647; baseline 0.004 -19"><span class='ocrx_word' id='word_1_176' title='bbox 195 2583 264 2643; x_wconf 81' lang='lat' dir='ltr'><strong>cnjus</strong></span> <span class='ocrx_word' id='word_1_177' title='bbox 272 2592 329 2629; x_wconf 83' lang='lat' dir='ltr'><strong>nota</strong></span> <span class='ocrx_word' id='word_1_178' title='bbox 337 2595 385 2630; x_wconf 85' lang='lat' dir='ltr'><strong>est:</strong></span> <span class='ocrx_word' id='word_1_179' title='bbox 395 2585 537 2631; x_wconf 87' lang='lat' dir='ltr'><strong>«Sententia</strong></span> <span class='ocrx_word' id='word_1_180' title='bbox 548 2600 577 2630; x_wconf 90' lang='lat' dir='ltr'><strong>eo</strong></span> <span class='ocrx_word' id='word_1_181' title='bbox 586 2584 705 2647; x_wconf 83' lang='lat' dir='ltr'><strong>pertinet,</strong></span> 
     </span>
     <span class='ocr_line' id='line_1_24' title="bbox 193 2661 705 2726; baseline 0.002 -19"><span class='ocrx_word' id='word_1_182' title='bbox 193 2671 222 2708; x_wconf 90' lang='lat' dir='ltr'><strong>ut</strong></span> <span class='ocrx_word' id='word_1_183' title='bbox 234 2661 377 2722; x_wconf 76' lang='lat' dir='ltr'><strong>arrogantiae</strong></span> <span class='ocrx_word' id='word_1_184' title='bbox 396 2672 419 2707; x_wconf 85' lang='lat' dir='ltr'><strong>et</strong></span> <span class='ocrx_word' id='word_1_185' title='bbox 433 2662 553 2724; x_wconf 79' lang='lat' dir='ltr'><strong>gloriandi</strong></span> <span class='ocrx_word' id='word_1_186' title='bbox 573 2662 678 2726; x_wconf 88' lang='lat' dir='ltr'><strong>speeiem</strong></span> <span class='ocrx_word' id='word_1_187' title='bbox 691 2679 705 2708; x_wconf 86' lang='lat' dir='ltr'><strong>a</strong></span> 
     </span>
     <span class='ocr_line' id='line_1_25' title="bbox 194 2740 704 2797; baseline 0 -11"><span class='ocrx_word' id='word_1_188' title='bbox 194 2755 221 2786; x_wconf 78' lang='lat' dir='ltr'><strong>se</strong></span> <span class='ocrx_word' id='word_1_189' title='bbox 239 2752 349 2787; x_wconf 82' lang='lat' dir='ltr'><strong>amoveat</strong></span> <span class='ocrx_word' id='word_1_190' title='bbox 365 2740 463 2797; x_wconf 80' lang='lat' dir='ltr'><strong>Fabius,</strong></span> <span class='ocrx_word' id='word_1_191' title='bbox 485 2740 543 2787; x_wconf 78' lang='lat' dir='ltr'><strong>dum</strong></span> <span class='ocrx_word' id='word_1_192' title='bbox 562 2756 629 2787; x_wconf 80' lang='lat' dir='ltr'><strong>suam</strong></span> <span class='ocrx_word' id='word_1_193' title='bbox 646 2740 704 2787; x_wconf 86' lang='lat' dir='ltr'><strong>belli</strong></span> 
     </span>
     <span class='ocr_line' id='line_1_26' title="bbox 193 2818 705 2882; baseline 0.002 -18"><span class='ocrx_word' id='word_1_194' title='bbox 193 2818 292 2881; x_wconf 83' lang='lat' dir='ltr'><strong>gerendi</strong></span> <span class='ocrx_word' id='word_1_195' title='bbox 308 2820 425 2866; x_wconf 84' lang='lat' dir='ltr'><strong>rationem</strong></span> <span class='ocrx_word' id='word_1_196' title='bbox 441 2819 557 2882; x_wconf 86' lang='lat' dir='ltr'><strong>optimam</strong></span> <span class='ocrx_word' id='word_1_197' title='bbox 576 2818 644 2866; x_wconf 90' lang='lat' dir='ltr'><strong>dicit.</strong></span> <span class='ocrx_word' id='word_1_198' title='bbox 665 2821 705 2865; x_wconf 72' lang='lat' dir='ltr'><strong>In·</strong></span> 
     </span>
     <span class='ocr_line' id='line_1_27' title="bbox 194 2897 706 2960; baseline -0.002 -16"><span class='ocrx_word' id='word_1_199' title='bbox 194 2909 277 2960; x_wconf 84' lang='lat' dir='ltr'><strong>eptutn</strong></span> <span class='ocrx_word' id='word_1_200' title='bbox 289 2898 365 2954; x_wconf 84' lang='lat' dir='ltr'><strong>foret,</strong></span> <span class='ocrx_word' id='word_1_201' title='bbox 375 2899 467 2960; x_wconf 89' lang='lat' dir='ltr'><strong>inquit,</strong></span> <span class='ocrx_word' id='word_1_202' title='bbox 478 2914 529 2954; x_wconf 90' lang='lat' dir='ltr'><strong>me,</strong></span> <span class='ocrx_word' id='word_1_203' title='bbox 540 2897 605 2943; x_wconf 91' lang='lat' dir='ltr'><strong>haud</strong></span> <span class='ocrx_word' id='word_1_204' title='bbox 613 2898 639 2943; x_wconf 90' lang='lat' dir='ltr'><strong>in</strong></span> <span class='ocrx_word' id='word_1_205' title='bbox 649 2913 706 2944; x_wconf 90' lang='lat' dir='ltr'><strong>con·</strong></span> 
     </span>
     <span class='ocr_line' id='line_1_28' title="bbox 193 2976 704 3040; baseline 0 -17"><span class='ocrx_word' id='word_1_206' title='bbox 193 2976 265 3023; x_wconf 82' lang='lat' dir='ltr'><strong>cione</strong></span> <span class='ocrx_word' id='word_1_207' title='bbox 278 2977 436 3040; x_wconf 85' lang='lat' dir='ltr'><strong>gloriantem,</strong></span> <span class='ocrx_word' id='word_1_208' title='bbox 455 2992 536 3023; x_wconf 85' lang='lat' dir='ltr'><strong>coram</strong></span> <span class='ocrx_word' id='word_1_209' title='bbox 552 2986 575 3022; x_wconf 91' lang='lat' dir='ltr'><strong>te</strong></span> <span class='ocrx_word' id='word_1_210' title='bbox 588 2992 637 3023; x_wconf 93' lang='lat' dir='ltr'><strong>uno</strong></span> <span class='ocrx_word' id='word_1_211' title='bbox 653 2979 704 3039; x_wconf 80' lang='lat' dir='ltr'><strong>glo·</strong></span> 
     </span>
     <span class='ocr_line' id='line_1_29' title="bbox 193 3054 705 3118; baseline 0.002 -17"><span class='ocrx_word' id='word_1_212' title='bbox 193 3054 341 3112; x_wconf 75' lang='lat' dir='ltr'><strong>riui-velte,</strong></span> <span class='ocrx_word' id='word_1_213' title='bbox 362 3070 444 3118; x_wconf 75' lang='lat' dir='ltr'><strong>aquo</strong></span> <span class='ocrx_word' id='word_1_214' title='bbox 460 3066 509 3102; x_wconf 88' lang='lat' dir='ltr'><strong>tam</strong></span> <span class='ocrx_word' id='word_1_215' title='bbox 522 3055 595 3116; x_wconf 83' lang='lat' dir='ltr'><strong>longe</strong></span> <span class='ocrx_word' id='word_1_216' title='bbox 607 3054 705 3114; x_wconf 85' lang='lat' dir='ltr'><strong>absum,</strong></span> 
     </span>
     <span class='ocr_line' id='line_1_30' title="bbox 193 3133 705 3198; baseline 0.008 -19"><span class='ocrx_word' id='word_1_217' title='bbox 193 3144 221 3180; x_wconf 91' lang='lat' dir='ltr'><strong>ut</strong></span> <span class='ocrx_word' id='word_1_218' title='bbox 235 3134 316 3181; x_wconf 83' lang='lat' dir='ltr'><strong>forsan</strong></span> <span class='ocrx_word' id='word_1_219' title='bbox 330 3135 412 3198; x_wconf 87' lang='lat' dir='ltr'><strong>potius</strong></span> <span class='ocrx_word' id='word_1_220' title='bbox 425 3133 451 3180; x_wconf 88' lang='lat' dir='ltr'><strong>in</strong></span> <span class='ocrx_word' id='word_1_221' title='bbox 464 3134 637 3180; x_wconf 82' lang='lat' dir='ltr'><strong>contemnendo</strong></span> <span class='ocrx_word' id='word_1_222' title='bbox 651 3137 705 3198; x_wconf 75' lang='lat' dir='ltr'><strong>glo·</strong></span> 
     </span>
     <span class='ocr_line' id='line_1_31' title="bbox 193 3211 705 3276; baseline 0.006 -18"><span class='ocrx_word' id='word_1_223' title='bbox 193 3211 269 3267; x_wconf 84' lang='lat' dir='ltr'><strong>riam,</strong></span> <span class='ocrx_word' id='word_1_224' title='bbox 290 3229 361 3276; x_wconf 83' lang='lat' dir='ltr'><strong>quam</strong></span> <span class='ocrx_word' id='word_1_225' title='bbox 380 3215 405 3259; x_wconf 94' lang='lat' dir='ltr'><strong>in</strong></span> <span class='ocrx_word' id='word_1_226' title='bbox 419 3212 633 3276; x_wconf 73' lang='lat' dir='ltr'><strong>appetendorum,</strong></span> <span class='ocrx_word' id='word_1_227' title='bbox 653 3232 705 3261; x_wconf 89' lang='lat' dir='ltr'><strong>mo-</strong></span> 
     </span>
     <span class='ocr_line' id='line_1_32' title="bbox 194 3289 724 3342; baseline 0.011 -6"><span class='ocrx_word' id='word_1_228' title='bbox 194 3289 252 3337; x_wconf 85' lang='lat' dir='ltr'><strong>dum</strong></span> <span class='ocrx_word' id='word_1_229' title='bbox 265 3292 421 3339; x_wconf 76' lang='lat' dir='ltr'><strong>excesserim.</strong></span> <span class='ocrx_word' id='word_1_230' title='bbox 441 3292 606 3340; x_wconf 85' lang='lat' dir='ltr'><strong>Nihilominus</strong></span> <span class='ocrx_word' id='word_1_231' title='bbox 624 3289 724 3342; x_wconf 80' lang='lat' dir='ltr'><strong>tamen&#39;</strong></span> 
     </span>
     <span class='ocr_line' id='line_1_33' title="bbox 193 3367 704 3435; baseline 0.006 -19"><span class='ocrx_word' id='word_1_232' title='bbox 193 3367 325 3417; x_wconf 83' lang='lat' dir='ltr'><strong>dicendum</strong></span> <span class='ocrx_word' id='word_1_233' title='bbox 344 3381 392 3428; x_wconf 87' lang='lat' dir='ltr'><strong>est,</strong></span> <span class='ocrx_word' id='word_1_234' title='bbox 413 3370 480 3434; x_wconf 86' lang='lat' dir='ltr'><strong>quod</strong></span> <span class='ocrx_word' id='word_1_235' title='bbox 498 3372 550 3419; x_wconf 82' lang='lat' dir='ltr'><strong>sine</strong></span> <span class='ocrx_word' id='word_1_236' title='bbox 569 3373 704 3435; x_wconf 83' lang='lat' dir='ltr'><strong>arrogantia</strong></span> 
     </span>
     <span class='ocr_line' id='line_1_34' title="bbox 195 3446 704 3515; baseline 0.002 -19"><span class='ocrx_word' id='word_1_237' title='bbox 195 3446 287 3497; x_wconf 82' lang='lat' dir='ltr'><strong>dictum</strong></span> <span class='ocrx_word' id='word_1_238' title='bbox 303 3450 391 3506; x_wconf 85' lang='lat' dir='ltr'><strong>velim,</strong></span> <span class='ocrx_word' id='word_1_239' title='bbox 403 3466 456 3497; x_wconf 87' lang='lat' dir='ltr'><strong>eam</strong></span> <span class='ocrx_word' id='word_1_240' title='bbox 468 3452 587 3498; x_wconf 80' lang='lat' dir='ltr'><strong>rationem</strong></span> <span class='ocrx_word' id='word_1_241' title='bbox 597 3451 654 3499; x_wconf 78' lang='lat' dir='ltr'><strong>betti</strong></span> <span class='ocrx_word' id='word_1_242' title='bbox 661 3467 704 3515; x_wconf 74' lang='lat' dir='ltr'><strong>ge-</strong></span> 
     </span>
     <span class='ocr_line' id='line_1_35' title="bbox 194 3528 704 3593; baseline 0.008 -20"><span class='ocrx_word' id='word_1_243' title='bbox 194 3528 266 3574; x_wconf 85' lang='lat' dir='ltr'><strong>rendi</strong></span> <span class='ocrx_word' id='word_1_244' title='bbox 281 3544 354 3574; x_wconf 75' lang='lat' dir='ltr'><strong>tinam</strong></span> <span class='ocrx_word' id='word_1_245' title='bbox 365 3544 444 3576; x_wconf 83' lang='lat' dir='ltr'><strong>veram</strong></span> <span class='ocrx_word' id='word_1_246' title='bbox 457 3545 522 3587; x_wconf 81' lang='lat' dir='ltr'><strong>esse,</strong></span> <span class='ocrx_word' id='word_1_247' title='bbox 535 3546 585 3593; x_wconf 87' lang='lat' dir='ltr'><strong>qua</strong></span> <span class='ocrx_word' id='word_1_248' title='bbox 597 3545 642 3593; x_wconf 83' lang='lat' dir='ltr'><strong>ego</strong></span> <span class='ocrx_word' id='word_1_249' title='bbox 652 3531 704 3577; x_wconf 88' lang='lat' dir='ltr'><strong>bel·</strong></span> 
     </span>
     <span class='ocr_line' id='line_1_36' title="bbox 192 3603 704 3671; baseline 0.004 -17"><span class='ocrx_word' id='word_1_250' title='bbox 192 3603 243 3654; x_wconf 85' lang='lat' dir='ltr'><strong>lum</strong></span> <span class='ocrx_word' id='word_1_251' title='bbox 254 3606 326 3671; x_wconf 81' lang='lat' dir='ltr'><strong>gessi.</strong></span> <span class='ocrx_word' id='word_1_252' title='bbox 342 3629 354 3648; x_wconf 78' lang='grc' dir='ltr'><strong>υ</strong></span> <span class='ocrx_word' id='word_1_253' title='bbox 368 3607 416 3654; x_wconf 88' lang='lat' dir='ltr'><strong>Sed</strong></span> <span class='ocrx_word' id='word_1_254' title='bbox 427 3609 448 3654; x_wconf 84' lang='lat' dir='ltr'><strong>si</strong></span> <span class='ocrx_word' id='word_1_255' title='bbox 463 3609 490 3658; x_wconf 80' lang='grc' dir='ltr'><strong>τὸ</strong></span> <span class='ocrx_word' id='word_1_256' title='bbox 509 3625 582 3655; x_wconf 77' lang='lat' dir='ltr'><strong>turrim</strong></span> <span class='ocrx_word' id='word_1_257' title='bbox 598 3608 630 3654; x_wconf 87' lang='lat' dir='ltr'><strong>ad</strong></span> <span class='ocrx_word' id='word_1_258' title='bbox 643 3611 704 3656; x_wconf 83' lang='lat' dir='ltr'><strong>Pau-</strong></span> 
     </span>
     <span class='ocr_line' id='line_1_37' title="bbox 193 3683 703 3751; baseline 0.008 -20"><span class='ocrx_word' id='word_1_259' title='bbox 193 3683 243 3731; x_wconf 89' lang='lat' dir='ltr'><strong>lum</strong></span> <span class='ocrx_word' id='word_1_260' title='bbox 259 3686 359 3742; x_wconf 86' lang='lat' dir='ltr'><strong>referas,</strong></span> <span class='ocrx_word' id='word_1_261' title='bbox 373 3685 425 3733; x_wconf 84' lang='lat' dir='ltr'><strong>baee</strong></span> <span class='ocrx_word' id='word_1_262' title='bbox 439 3703 494 3733; x_wconf 87' lang='lat' dir='ltr'><strong>cum</strong></span> <span class='ocrx_word' id='word_1_263' title='bbox 504 3688 549 3745; x_wconf 81' lang='lat' dir='ltr'><strong>iis,</strong></span> <span class='ocrx_word' id='word_1_264' title='bbox 563 3703 616 3750; x_wconf 88' lang='lat' dir='ltr'><strong>quae</strong></span> <span class='ocrx_word' id='word_1_265' title='bbox 629 3689 703 3751; x_wconf 88' lang='lat' dir='ltr'><strong>paulo</strong></span> 
     </span>
     <span class='ocr_line' id='line_1_38' title="bbox 193 3765 704 3829; baseline 0.012 -21"><span class='ocrx_word' id='word_1_266' title='bbox 193 3774 400 3826; x_wconf 82' lang='lat' dir='ltr'><strong>postsequuntur,</strong></span> <span class='ocrx_word' id='word_1_267' title='bbox 411 3765 491 3811; x_wconf 84' lang='lat' dir='ltr'><strong>sedne</strong></span> <span class='ocrx_word' id='word_1_268' title='bbox 500 3765 612 3813; x_wconf 82' lang='lat' dir='ltr'><strong>adversus</strong></span> <span class='ocrx_word' id='word_1_269' title='bbox 621 3777 645 3812; x_wconf 86' lang='lat' dir='ltr'><strong>te</strong></span> <span class='ocrx_word' id='word_1_270' title='bbox 652 3767 704 3829; x_wconf 84' lang='lat' dir='ltr'><strong>qui·</strong></span> 
     </span>
     <span class='ocr_line' id='line_1_39' title="bbox 135 3831 703 3909; baseline 0.012 -24"><span class='ocrx_word' id='word_1_271' title='bbox 135 3831 136 3834; x_wconf 27' lang='lat'>¹</span> <span class='ocrx_word' id='word_1_272' title='bbox 194 3840 249 3887; x_wconf 86' lang='lat' dir='ltr'><strong>dem</strong></span> <span class='ocrx_word' id='word_1_273' title='bbox 266 3841 393 3904; x_wconf 76' lang='lat' dir='ltr'><strong>gloriabor</strong></span> <span class='ocrx_word' id='word_1_274' title='bbox 410 3843 511 3909; x_wconf 82' lang='lat' dir='ltr'><strong>(confer</strong></span> <span class='ocrx_word' id='word_1_275' title='bbox 524 3855 575 3892; x_wconf 83' lang='lat' dir='ltr'><strong>not.</strong></span> <span class='ocrx_word' id='word_1_276' title='bbox 587 3844 631 3906; x_wconf 79' lang='lat'><strong>9),</strong></span> <span class='ocrx_word' id='word_1_277' title='bbox 651 3860 703 3892; x_wconf 91' lang='lat' dir='ltr'><strong>non</strong></span> 
     </span>
     <span class='ocr_line' id='line_1_40' title="bbox 193 3917 704 3987; baseline 0.014 -23"><span class='ocrx_word' id='word_1_278' title='bbox 193 3917 257 3965; x_wconf 88' lang='lat' dir='ltr'><strong>bene</strong></span> <span class='ocrx_word' id='word_1_279' title='bbox 275 3921 400 3968; x_wconf 86' lang='lat' dir='ltr'><strong>conciliari</strong></span> <span class='ocrx_word' id='word_1_280' title='bbox 413 3934 528 3986; x_wconf 81' lang='lat' dir='ltr'><strong>possunt,</strong></span> <span class='ocrx_word' id='word_1_281' title='bbox 542 3940 616 3986; x_wconf 86' lang='lat' dir='ltr'><strong>quum</strong></span> <span class='ocrx_word' id='word_1_282' title='bbox 630 3924 704 3987; x_wconf 88' lang='lat' dir='ltr'><strong>parti-</strong></span> 
     </span>
     <span class='ocr_line' id='line_1_41' title="bbox 195 3995 706 4061; baseline 0.01 -16"><span class='ocrx_word' id='word_1_283' title='bbox 195 3995 256 4045; x_wconf 78' lang='lat' dir='ltr'><strong>oulae</strong></span> <span class='ocrx_word' id='word_1_284' title='bbox 265 3997 399 4060; x_wconf 81' lang='lat' dir='ltr'><strong>nequidem</strong></span> <span class='ocrx_word' id='word_1_285' title='bbox 408 4002 457 4061; x_wconf 75' lang='lat' dir='ltr'><strong>iam</strong></span> <span class='ocrx_word' id='word_1_286' title='bbox 471 4014 526 4050; x_wconf 83' lang='lat' dir='ltr'><strong>ante</strong></span> <span class='ocrx_word' id='word_1_287' title='bbox 538 4002 568 4048; x_wconf 90' lang='lat' dir='ltr'><strong>de</strong></span> <span class='ocrx_word' id='word_1_288' title='bbox 576 4004 637 4060; x_wconf 86' lang='lat' dir='ltr'><strong>alio,</strong></span> <span class='ocrx_word' id='word_1_289' title='bbox 647 4019 706 4050; x_wconf 86' lang='lat' dir='ltr'><strong>oon·</strong></span> 
     </span>
     <span class='ocr_line' id='line_1_42' title="bbox 195 4078 705 4148; baseline 0.014 -25"><span class='ocrx_word' id='word_1_290' title='bbox 195 4085 233 4124; x_wconf 81' lang='lat' dir='ltr'><strong>tra</strong></span> <span class='ocrx_word' id='word_1_291' title='bbox 242 4092 314 4139; x_wconf 83' lang='lat' dir='ltr'><strong>quein</strong></span> <span class='ocrx_word' id='word_1_292' title='bbox 322 4078 420 4141; x_wconf 77' lang='lat' dir='ltr'><strong>gloriari</strong></span> <span class='ocrx_word' id='word_1_293' title='bbox 427 4083 506 4130; x_wconf 82' lang='lat' dir='ltr'><strong>videri</strong></span> <span class='ocrx_word' id='word_1_294' title='bbox 513 4083 593 4148; x_wconf 83' lang='lat' dir='ltr'><strong>possit</strong></span> <span class='ocrx_word' id='word_1_295' title='bbox 603 4083 705 4142; x_wconf 83' lang='lat' dir='ltr'><strong>Fabius,</strong></span> 
     </span>
    </p>
   </div>
   <div class='ocr_carea' id='block_1_6' title="bbox 747 2425 1277 4143">
    <p class='ocr_par' dir='ltr' id='par_1_6' title="bbox 748 2425 1277 3200">
     <span class='ocr_line' id='line_1_43' title="bbox 750 2425 1258 2489; baseline -0.002 -16"><span class='ocrx_word' id='word_1_296' title='bbox 750 2441 886 2474; x_wconf 85' lang='lat' dir='ltr'><strong>sermonem</strong></span> <span class='ocrx_word' id='word_1_297' title='bbox 897 2426 983 2483; x_wconf 85' lang='lat' dir='ltr'><strong>fuisse,</strong></span> <span class='ocrx_word' id='word_1_298' title='bbox 996 2435 1077 2489; x_wconf 81' lang='lat' dir='ltr'><strong>aperte</strong></span> <span class='ocrx_word' id='word_1_299' title='bbox 1087 2425 1202 2472; x_wconf 86' lang='lat' dir='ltr'><strong>innuant:</strong></span> <span class='ocrx_word' id='word_1_300' title='bbox 1212 2439 1258 2472; x_wconf 87' lang='lat' dir='ltr'><strong>nec</strong></span> 
     </span>
     <span class='ocr_line' id='line_1_44' title="bbox 749 2504 1259 2568; baseline -0.004 -16"><span class='ocrx_word' id='word_1_301' title='bbox 749 2521 886 2568; x_wconf 86' lang='lat' dir='ltr'><strong>pronomen</strong></span> <span class='ocrx_word' id='word_1_302' title='bbox 895 2516 917 2552; x_wconf 83' lang='lat' dir='ltr'><strong>te</strong></span> <span class='ocrx_word' id='word_1_303' title='bbox 924 2522 997 2568; x_wconf 89' lang='lat' dir='ltr'><strong>quum</strong></span> <span class='ocrx_word' id='word_1_304' title='bbox 1005 2504 1139 2567; x_wconf 84' lang='lat' dir='ltr'><strong>gravitatis,</strong></span> <span class='ocrx_word' id='word_1_305' title='bbox 1149 2514 1201 2551; x_wconf 90' lang='lat' dir='ltr'><strong>tum</strong></span> <span class='ocrx_word' id='word_1_306' title='bbox 1208 2520 1259 2550; x_wconf 82' lang='lat' dir='ltr'><strong>am-</strong></span> 
     </span>
     <span class='ocr_line' id='line_1_45' title="bbox 749 2583 1259 2645; baseline 0 -15"><span class='ocrx_word' id='word_1_307' title='bbox 749 2584 874 2645; x_wconf 80' lang='lat' dir='ltr'><strong>biguitatis</strong></span> <span class='ocrx_word' id='word_1_308' title='bbox 887 2601 958 2632; x_wconf 86' lang='lat' dir='ltr'><strong>causa</strong></span> <span class='ocrx_word' id='word_1_309' title='bbox 972 2585 1106 2631; x_wconf 82' lang='lat' dir='ltr'><strong>omissurus</strong></span> <span class='ocrx_word' id='word_1_310' title='bbox 1116 2583 1141 2632; x_wconf 89' lang='lat' dir='ltr'><strong>h.</strong></span> <span class='ocrx_word' id='word_1_311' title='bbox 1157 2583 1259 2630; x_wconf 74' lang='lat' dir='ltr'><strong>linitae</strong></span> 
     </span>
     <span class='ocr_line' id='line_1_46' title="bbox 749 2661 1277 2726; baseline 0 -19"><span class='ocrx_word' id='word_1_312' title='bbox 749 2661 845 2724; x_wconf 82' lang='lat' dir='ltr'><strong>viderur</strong></span> <span class='ocrx_word' id='word_1_313' title='bbox 864 2663 946 2710; x_wconf 85' lang='lat' dir='ltr'><strong>Livius</strong></span> <span class='ocrx_word' id='word_1_314' title='bbox 964 2678 970 2711; x_wconf 93' lang='lat'>:</span> <span class='ocrx_word' id='word_1_315' title='bbox 991 2664 1073 2726; x_wconf 85' lang='lat' dir='ltr'><strong>itaque</strong></span> <span class='ocrx_word' id='word_1_316' title='bbox 1089 2663 1115 2713; x_wconf 79' lang='lat' dir='ltr'><strong>rb</strong></span> <span class='ocrx_word' id='word_1_317' title='bbox 1137 2677 1211 2708; x_wconf 86' lang='lat' dir='ltr'><strong>unum</strong></span> <span class='ocrx_word' id='word_1_318' title='bbox 1226 2661 1259 2708; x_wconf 88' lang='lat' dir='ltr'><strong>ad</strong></span> <span class='ocrx_word' id='word_1_319' title='bbox 1274 2681 1277 2687; x_wconf 93' lang='lat'><strong>·</strong></span> 
     </span>
     <span class='ocr_line' id='line_1_47' title="bbox 749 2741 1258 2799; baseline 0.006 -14"><span class='ocrx_word' id='word_1_320' title='bbox 749 2741 885 2788; x_wconf 84' lang='lat' dir='ltr'><strong>Varronem</strong></span> <span class='ocrx_word' id='word_1_321' title='bbox 896 2741 1060 2799; x_wconf 69' lang='lat' dir='ltr'><strong>referendum</strong></span> <span class='ocrx_word' id='word_1_322' title='bbox 1077 2743 1150 2788; x_wconf 85' lang='lat' dir='ltr'><strong>Doer.</strong></span> <span class='ocrx_word' id='word_1_323' title='bbox 1168 2742 1258 2799; x_wconf 85' lang='lat' dir='ltr'><strong>Recte,</strong></span> 
     </span>
     <span class='ocr_line' id='line_1_48' title="bbox 749 2819 1259 2884; baseline 0.002 -18"><span class='ocrx_word' id='word_1_324' title='bbox 749 2820 838 2882; x_wconf 89' lang='lat' dir='ltr'><strong>opinor</strong></span> <span class='ocrx_word' id='word_1_325' title='bbox 847 2835 853 2868; x_wconf 93' lang='lat'><strong>:</strong></span> <span class='ocrx_word' id='word_1_326' title='bbox 861 2820 904 2867; x_wconf 81' lang='lat' dir='ltr'><strong>sed</strong></span> <span class='ocrx_word' id='word_1_327' title='bbox 914 2837 959 2884; x_wconf 88' lang='lat' dir='ltr'><strong>pro</strong></span> <span class='ocrx_word' id='word_1_328' title='bbox 970 2836 1043 2866; x_wconf 75' lang='lat' dir='ltr'><strong>enirm</strong></span> <span class='ocrx_word' id='word_1_329' title='bbox 1049 2819 1112 2866; x_wconf 85' lang='lat' dir='ltr'><strong>forte</strong></span> <span class='ocrx_word' id='word_1_330' title='bbox 1119 2835 1174 2866; x_wconf 88' lang='lat' dir='ltr'><strong>cum</strong></span> <span class='ocrx_word' id='word_1_331' title='bbox 1180 2820 1259 2867; x_wconf 88' lang='lat' dir='ltr'><strong>Gron.</strong></span> 
     </span>
     <span class='ocr_line' id='line_1_49' title="bbox 748 2896 1259 2961; baseline 0.004 -17"><span class='ocrx_word' id='word_1_332' title='bbox 748 2897 794 2961; x_wconf 82' lang='lat' dir='ltr'><strong>leg.</strong></span> <span class='ocrx_word' id='word_1_333' title='bbox 812 2896 890 2954; x_wconf 76' lang='lat' dir='ltr'><strong>braic,</strong></span> <span class='ocrx_word' id='word_1_334' title='bbox 908 2899 945 2945; x_wconf 88' lang='lat' dir='ltr'><strong>vel</strong></span> <span class='ocrx_word' id='word_1_335' title='bbox 962 2899 1045 2961; x_wconf 88' lang='lat' dir='ltr'><strong>potius</strong></span> <span class='ocrx_word' id='word_1_336' title='bbox 1060 2915 1115 2945; x_wconf 91' lang='lat' dir='ltr'><strong>cum</strong></span> <span class='ocrx_word' id='word_1_337' title='bbox 1133 2899 1214 2945; x_wconf 90' lang='lat' dir='ltr'><strong>Burm.</strong></span> <span class='ocrx_word' id='word_1_338' title='bbox 1227 2897 1259 2946; x_wconf 86' lang='lat' dir='ltr'><strong>ad</strong></span> 
     </span>
     <span class='ocr_line' id='line_1_50' title="bbox 749 2977 1259 3038; baseline 0.006 -16"><span class='ocrx_word' id='word_1_339' title='bbox 749 2977 854 3038; x_wconf 86' lang='lat' dir='ltr'><strong>Quintil.</strong></span> <span class='ocrx_word' id='word_1_340' title='bbox 860 2978 927 3025; x_wconf 85' lang='lat' dir='ltr'><strong>Decl.</strong></span> <span class='ocrx_word' id='word_1_341' title='bbox 939 2978 1003 3035; x_wconf 79' lang='lat'><strong>330,</strong></span> <span class='ocrx_word' id='word_1_342' title='bbox 1014 2994 1121 3034; x_wconf 63' lang='lat' dir='ltr'><strong>vantem</strong></span> <span class='ocrx_word' id='word_1_343' title='bbox 1131 2978 1177 3023; x_wconf 85' lang='lat' dir='ltr'><strong>nisi</strong></span> <span class='ocrx_word' id='word_1_344' title='bbox 1191 2978 1259 3025; x_wconf 84' lang='lat' dir='ltr'><strong>malis</strong></span> 
     </span>
     <span class='ocr_line' id='line_1_51' title="bbox 751 3057 1259 3122; baseline 0.006 -21"><span class='ocrx_word' id='word_1_345' title='bbox 751 3057 895 3104; x_wconf 83' lang='lat' dir='ltr'><strong>Varronem.</strong></span> <span class='ocrx_word' id='word_1_346' title='bbox 907 3059 954 3103; x_wconf 89' lang='lat' dir='ltr'><strong>Pro</strong></span> <span class='ocrx_word' id='word_1_347' title='bbox 966 3069 991 3104; x_wconf 84' lang='lat' dir='ltr'><strong>et</strong></span> <span class='ocrx_word' id='word_1_348' title='bbox 1003 3073 1047 3122; x_wconf 77' lang='lat' dir='ltr'><strong>ego</strong></span> <span class='ocrx_word' id='word_1_349' title='bbox 1060 3059 1086 3104; x_wconf 90' lang='lat' dir='ltr'><strong>in</strong></span> <span class='ocrx_word' id='word_1_350' title='bbox 1097 3058 1219 3121; x_wconf 87' lang='lat' dir='ltr'><strong>plerisque</strong></span> <span class='ocrx_word' id='word_1_351' title='bbox 1229 3057 1259 3104; x_wconf 90' lang='lat' dir='ltr'><strong>li·</strong></span> 
     </span>
     <span class='ocr_line' id='line_1_52' title="bbox 748 3133 1160 3200; baseline 0.005 -18"><span class='ocrx_word' id='word_1_352' title='bbox 748 3133 800 3182; x_wconf 82' lang='lat' dir='ltr'><strong>bris</strong></span> <span class='ocrx_word' id='word_1_353' title='bbox 813 3137 894 3182; x_wconf 84' lang='lat' dir='ltr'><strong>minus</strong></span> <span class='ocrx_word' id='word_1_354' title='bbox 907 3147 963 3200; x_wconf 82' lang='lat' dir='ltr'><strong>epte</strong></span> <span class='ocrx_word' id='word_1_355' title='bbox 975 3137 1063 3199; x_wconf 83' lang='lat' dir='ltr'><strong>legitur</strong></span> <span class='ocrx_word' id='word_1_356' title='bbox 1072 3147 1100 3182; x_wconf 85' lang='lat' dir='ltr'><strong>ut</strong></span> <span class='ocrx_word' id='word_1_357' title='bbox 1108 3152 1160 3200; x_wconf 83' lang='lat' dir='ltr'><strong>ego.</strong></span> 
     </span>
    </p>

    <p class='ocr_par' dir='ltr' id='par_1_7' title="bbox 747 3197 1261 4143">
     <span class='ocr_line' id='line_1_53' title="bbox 776 3214 1225 3281; baseline 0.004 -20"><span class='ocrx_word' id='word_1_358' title='bbox 776 3215 810 3261; x_wconf 83' lang='lat'><strong>.6.</strong></span> <span class='ocrx_word' id='word_1_359' title='bbox 823 3214 866 3271; x_wconf 89' lang='lat' dir='ltr'><strong>Id,</strong></span> <span class='ocrx_word' id='word_1_360' title='bbox 883 3216 942 3273; x_wconf 84' lang='lat' dir='ltr'><strong>tale,</strong></span> <span class='ocrx_word' id='word_1_361' title='bbox 948 3214 1014 3281; x_wconf 81' lang='lat' dir='ltr'><strong>fidei</strong></span> <span class='ocrx_word' id='word_1_362' title='bbox 1026 3215 1208 3261; x_wconf 76' lang='lat' dir='ltr'><strong>decrementum.</strong></span> <span class='ocrx_word' id='word_1_363' title='bbox 1219 3247 1225 3260; x_wconf 87' lang='lat'><strong>.</strong></span> 
     </span>
     <span class='ocr_line' id='line_1_54' title="bbox 749 3292 1259 3357; baseline 0.004 -20"><span class='ocrx_word' id='word_1_364' title='bbox 749 3292 880 3350; x_wconf 82' lang='lat' dir='ltr'><strong>dederunt,</strong></span> <span class='ocrx_word' id='word_1_365' title='bbox 895 3293 1117 3341; x_wconf 72' lang='lat' dir='ltr'><strong>«breviusdictum</strong></span> <span class='ocrx_word' id='word_1_366' title='bbox 1128 3307 1188 3357; x_wconf 92' lang='lat' dir='ltr'><strong>pro:</strong></span> <span class='ocrx_word' id='word_1_367' title='bbox 1200 3308 1259 3339; x_wconf 85' lang='lat' dir='ltr'><strong>nam</strong></span> 
     </span>
     <span class='ocr_line' id='line_1_55' title="bbox 749 3370 1259 3435; baseline 0.002 -18"><span class='ocrx_word' id='word_1_368' title='bbox 749 3370 805 3435; x_wconf 86' lang='lat' dir='ltr'><strong>idf</strong></span> <span class='ocrx_word' id='word_1_369' title='bbox 817 3371 842 3419; x_wconf 81' lang='lat' dir='ltr'><strong>d.</strong></span> <span class='ocrx_word' id='word_1_370' title='bbox 853 3373 891 3429; x_wconf 88' lang='lat' dir='ltr'><strong>d.,</strong></span> <span class='ocrx_word' id='word_1_371' title='bbox 906 3384 934 3420; x_wconf 89' lang='lat' dir='ltr'><strong>ut</strong></span> <span class='ocrx_word' id='word_1_372' title='bbox 947 3371 1053 3419; x_wconf 81' lang='lat' dir='ltr'><strong>dubitari</strong></span> <span class='ocrx_word' id='word_1_373' title='bbox 1067 3372 1134 3419; x_wconf 85' lang='lat' dir='ltr'><strong>nefas</strong></span> <span class='ocrx_word' id='word_1_374' title='bbox 1146 3372 1192 3429; x_wconf 84' lang='lat' dir='ltr'><strong>sit,</strong></span> <span class='ocrx_word' id='word_1_375' title='bbox 1204 3372 1259 3430; x_wconf 85' lang='lat' dir='ltr'><strong>vel,</strong></span> 
     </span>
     <span class='ocr_line' id='line_1_56' title="bbox 749 3450 1258 3511; baseline 0.002 -15"><span class='ocrx_word' id='word_1_376' title='bbox 749 3450 816 3511; x_wconf 89' lang='lat' dir='ltr'><strong>quod</strong></span> <span class='ocrx_word' id='word_1_377' title='bbox 830 3451 930 3497; x_wconf 89' lang='lat' dir='ltr'><strong>dubium</strong></span> <span class='ocrx_word' id='word_1_378' title='bbox 948 3461 1048 3498; x_wconf 80' lang='lat' dir='ltr'><strong>nonest</strong></span> <span class='ocrx_word' id='word_1_379' title='bbox 1065 3467 1095 3498; x_wconf 86' lang='lat' dir='ltr'><strong>ex</strong></span> <span class='ocrx_word' id='word_1_380' title='bbox 1110 3451 1258 3498; x_wconf 87' lang='lat' dir='ltr'><strong>documento</strong></span> 
     </span>
     <span class='ocr_line' id='line_1_57' title="bbox 748 3527 1260 3591; baseline 0 -15"><span class='ocrx_word' id='word_1_381' title='bbox 748 3527 806 3576; x_wconf 78' lang='lat' dir='ltr'><strong>fidei</strong></span> <span class='ocrx_word' id='word_1_382' title='bbox 814 3563 821 3585; x_wconf 91' lang='lat'>‚</span> <span class='ocrx_word' id='word_1_383' title='bbox 830 3529 898 3591; x_wconf 88' lang='lat' dir='ltr'><strong>quod</strong></span> <span class='ocrx_word' id='word_1_384' title='bbox 908 3529 1027 3576; x_wconf 89' lang='lat' dir='ltr'><strong>dederint.</strong></span> <span class='ocrx_word' id='word_1_385' title='bbox 1037 3531 1075 3576; x_wconf 89' lang='lat' dir='ltr'><strong>Ita</strong></span> <span class='ocrx_word' id='word_1_386' title='bbox 1086 3534 1207 3578; x_wconf 85' lang='lat' dir='ltr'><strong>Homerus</strong></span> <span class='ocrx_word' id='word_1_387' title='bbox 1218 3545 1260 3576; x_wconf 67' lang='lat' dir='ltr'><strong>aas·</strong></span> 
     </span>
     <span class='ocr_line' id='line_1_58' title="bbox 747 3611 1257 3675; baseline 0.008 -19"><span class='ocrx_word' id='word_1_388' title='bbox 747 3627 779 3675; x_wconf 83' lang='lat' dir='ltr'><strong>pe</strong></span> <span class='ocrx_word' id='word_1_389' title='bbox 796 3611 877 3658; x_wconf 87' lang='lat' dir='ltr'><strong>utitur</strong></span> <span class='ocrx_word' id='word_1_390' title='bbox 890 3627 936 3675; x_wconf 92' lang='lat' dir='ltr'><strong>pro</strong></span> <span class='ocrx_word' id='word_1_391' title='bbox 949 3613 1050 3659; x_wconf 87' lang='lat' dir='ltr'><strong>nomine</strong></span> <span class='ocrx_word' id='word_1_392' title='bbox 1061 3611 1136 3668; x_wconf 78' lang='grc' dir='ltr'><strong>τοῖος,</strong></span> <span class='ocrx_word' id='word_1_393' title='bbox 1152 3612 1219 3668; x_wconf 83' lang='lat' dir='ltr'><strong>talis,</strong></span> <span class='ocrx_word' id='word_1_394' title='bbox 1234 3626 1257 3661; x_wconf 87' lang='lat' dir='ltr'><strong>v.</strong></span> 
     </span>
     <span class='ocr_line' id='line_1_59' title="bbox 747 3687 1259 3757; baseline -0.006 -19"><span class='ocrx_word' id='word_1_395' title='bbox 747 3707 770 3738; x_wconf 88' lang='lat' dir='ltr'><strong>c.</strong></span> <span class='ocrx_word' id='word_1_396' title='bbox 780 3689 846 3747; x_wconf 79' lang='lat' dir='ltr'><strong>ltv,</strong></span> <span class='ocrx_word' id='word_1_397' title='bbox 856 3692 917 3748; x_wconf 80' lang='lat'><strong>828,</strong></span> <span class='ocrx_word' id='word_1_398' title='bbox 926 3689 979 3743; x_wconf 78' lang='grc' dir='ltr'>τοίη</span> <span class='ocrx_word' id='word_1_399' title='bbox 988 3707 1025 3739; x_wconf 79' lang='grc' dir='ltr'><strong>τοι</strong></span> <span class='ocrx_word' id='word_1_400' title='bbox 1036 3688 1095 3757; x_wconf 69' lang='grc' dir='ltr'><strong>ἐγὼν</strong></span> <span class='ocrx_word' id='word_1_401' title='bbox 1105 3687 1259 3754; x_wconf 60' lang='lat' dir='ltr'><strong>intrepidi&lt;</strong></span> 
     </span>
     <span class='ocr_line' id='line_1_60' title="bbox 747 3765 1259 3836; baseline -0.014 -19"><span class='ocrx_word' id='word_1_402' title='bbox 747 3766 795 3836; x_wconf 73' lang='grc' dir='ltr'><strong>εἶμι</strong></span> <span class='ocrx_word' id='word_1_403' title='bbox 802 3802 810 3827; x_wconf 82' lang='lat'><strong>,</strong></span> <span class='ocrx_word' id='word_1_404' title='bbox 817 3766 833 3814; x_wconf 88' lang='lat' dir='ltr'><strong>i.</strong></span> <span class='ocrx_word' id='word_1_405' title='bbox 843 3783 865 3814; x_wconf 89' lang='lat' dir='ltr'><strong>e.</strong></span> <span class='ocrx_word' id='word_1_406' title='bbox 875 3767 963 3831; x_wconf 84' lang='lat' dir='ltr'><strong>quippe</strong></span> <span class='ocrx_word' id='word_1_407' title='bbox 973 3783 1018 3830; x_wconf 83' lang='lat' dir='ltr'><strong>ego</strong></span> <span class='ocrx_word' id='word_1_408' title='bbox 1025 3768 1071 3814; x_wconf 83' lang='lat' dir='ltr'><strong>tibi</strong></span> <span class='ocrx_word' id='word_1_409' title='bbox 1079 3782 1131 3813; x_wconf 83' lang='lat' dir='ltr'><strong>sum</strong></span> <span class='ocrx_word' id='word_1_410' title='bbox 1138 3765 1259 3824; x_wconf 82' lang='lat' dir='ltr'><strong>adjutrix,</strong></span> 
     </span>
     <span class='ocr_line' id='line_1_61' title="bbox 747 3845 1260 3905; baseline 0.002 -14"><span class='ocrx_word' id='word_1_411' title='bbox 747 3856 774 3892; x_wconf 88' lang='lat' dir='ltr'><strong>ut</strong></span> <span class='ocrx_word' id='word_1_412' title='bbox 784 3846 819 3891; x_wconf 89' lang='lat' dir='ltr'><strong>nil</strong></span> <span class='ocrx_word' id='word_1_413' title='bbox 828 3846 912 3893; x_wconf 84' lang='lat' dir='ltr'><strong>timeas</strong></span> <span class='ocrx_word' id='word_1_414' title='bbox 920 3862 947 3905; x_wconf 74' lang='lat'><strong>»3</strong></span> <span class='ocrx_word' id='word_1_415' title='bbox 958 3849 1042 3895; x_wconf 89' lang='lat' dir='ltr'><strong>Bauer.</strong></span> <span class='ocrx_word' id='word_1_416' title='bbox 1054 3873 1087 3883; x_wconf 88' lang='lat'>-</span> <span class='ocrx_word' id='word_1_417' title='bbox 1098 3847 1166 3890; x_wconf 83' lang='lat' dir='ltr'><strong>Inter</strong></span> <span class='ocrx_word' id='word_1_418' title='bbox 1175 3845 1260 3892; x_wconf 84' lang='lat' dir='ltr'><strong>omnia</strong></span> 
     </span>
     <span class='ocr_line' id='line_1_62' title="bbox 748 3923 1259 3979; baseline 0.002 -7"><span class='ocrx_word' id='word_1_419' title='bbox 748 3924 860 3979; x_wconf 86' lang='lat' dir='ltr'><strong>inimica,</strong></span> <span class='ocrx_word' id='word_1_420' title='bbox 883 3925 925 3972; x_wconf 88' lang='lat' dir='ltr'><strong>ubi</strong></span> <span class='ocrx_word' id='word_1_421' title='bbox 939 3927 1027 3974; x_wconf 83' lang='lat' dir='ltr'><strong>onmia</strong></span> <span class='ocrx_word' id='word_1_422' title='bbox 1042 3936 1098 3972; x_wconf 86' lang='lat' dir='ltr'><strong>sunt</strong></span> <span class='ocrx_word' id='word_1_423' title='bbox 1111 3925 1135 3971; x_wconf 91' lang='lat' dir='ltr'><strong>ei</strong></span> <span class='ocrx_word' id='word_1_424' title='bbox 1151 3923 1259 3973; x_wconf 87' lang='lat' dir='ltr'><strong>inimica.</strong></span> 
     </span>
     <span class='ocr_line' id='line_1_63' title="bbox 748 4002 1261 4072; baseline 0.006 -25"><span class='ocrx_word' id='word_1_425' title='bbox 748 4009 783 4039; x_wconf 68' lang='lat'><strong>-2-</strong></span> <span class='ocrx_word' id='word_1_426' title='bbox 796 4005 826 4048; x_wconf 87' lang='lat' dir='ltr'><strong>In</strong></span> <span class='ocrx_word' id='word_1_427' title='bbox 840 4003 903 4052; x_wconf 83' lang='lat' dir='ltr'><strong>diem</strong></span> <span class='ocrx_word' id='word_1_428' title='bbox 917 4017 988 4072; x_wconf 85' lang='lat' dir='ltr'><strong>rapto</strong></span> <span class='ocrx_word' id='word_1_429' title='bbox 1000 4005 1076 4064; x_wconf 50' lang='lat' dir='ltr'><strong>viai&amp;</strong></span> <span class='ocrx_word' id='word_1_430' title='bbox 1096 4003 1154 4053; x_wconf 81' lang='lat' dir='ltr'><strong>ride</strong></span> <span class='ocrx_word' id='word_1_431' title='bbox 1167 4003 1198 4052; x_wconf 84' lang='lat' dir='ltr'><strong>ad</strong></span> <span class='ocrx_word' id='word_1_432' title='bbox 1215 4002 1261 4060; x_wconf 86' lang='lat' dir='ltr'><strong>tv,</strong></span> 
     </span>
     <span class='ocr_line' id='line_1_64' title="bbox 751 4094 870 4143; baseline 0.017 -13"><span class='ocrx_word' id='word_1_433' title='bbox 751 4094 796 4143; x_wconf 84' lang='lat' dir='ltr'><strong>to,</strong></span> <span class='ocrx_word' id='word_1_434' title='bbox 809 4098 835 4130; x_wconf 78' lang='lat' dir='ltr'><strong>u.</strong></span> <span class='ocrx_word' id='word_1_435' title='bbox 848 4097 870 4132; x_wconf 85' lang='lat'><strong>1.</strong></span> 
     </span>
    </p>
   </div>
   <div class='ocr_carea' id='block_1_7' title="bbox 0 0 1396 4568">
    <p class='ocr_par' dir='ltr' id='par_1_8' title="bbox 0 0 1396 4568">
     <span class='ocr_line' id='line_1_65' title="bbox 0 0 1396 4568; baseline 0 0"><span class='ocrx_word' id='word_1_436' title='bbox 0 0 1396 4568; x_wconf 95' lang='lat' dir='ltr'><strong> </strong></span> 
     </span>
    </p>
   </div>
  </div>
 </body>
</html>
