2782 4568
157 328 226 400 306
578 331 617 398 r.
649 330 789 398 niun
1066 308 1197 411 {1:533}

155 479 278 527 semen
301 454 523 548 injecerunt,
546 466 588 521 ut
606 451 807 537 Hannibal,
825 454 955 518 «Eone
972 472 1112 544 usque,
1130 449 1222 521 dum

155 596 171 630 a
187 590 228 635 ea
249 576 458 648 nascantur,
481 560 525 630 ad
541 560 736 632 Casilinum
757 569 944 631 sessurus⁹
959 561 1063 628 sum?
1076 590 1093 624 2>
1109 561 1223 637 excla-

151 688 268 746 maret
290 700 297 740 :
322 687 378 759 et,
401 673 464 769 qui
482 671 619 741 nullam
640 685 743 742 antea
762 672 967 769 pactionem
987 668 1136 742 auribus
1155 671 1221 743 ad-

156 787 319 870 miserat,
334 798 413 852 tnm
433 780 581 852 demum
599 782 657 879 agi
672 805 795 852 secum
812 795 865 851 est
880 803 1004 878 passus
1020 779 1065 849 de
1079 779 1221 851 redem-

151 896 279 993 >ptione
289 890 488 962 liberorum
499 890 878 988 capitumzseptunces
888 889 1047 959 atiri¹⁰in
1057 889 1220 986 singulos

155 1005 310 1103 pretium
325 1001 503 1070 convenit.
523 1000 608 1071 Fide
624 1015 788 1098 accepta,
802 1023 878 1069 sese
892 996 1138 1086 tradiderunt3
1157 997 1221 1083 do·

155 1137 223 1183 nec
240 1135 348 1183 omne
369 1134 495 1182 aurum
515 1110 740 1207 persolutum
757 1123 830 1197 est,
848 1110 886 1177 in
903 1108 1056 1178 vinculis
1074 1107 1192 1178 habiti
1203 1137 1218 1178 .:
1267 1208 1269 1212 Ι

153 1236 235 1305 tum
250 1219 389 1292 remissi
406 1222 539 1289 Cumas
559 1244 642 1289 cum
659 1217 742 1290 fide.
765 1219 808 1289 Id
821 1220 940 1288 verius
956 1233 1030 1305 est,
1047 1243 1157 1314 quam
1174 1218 1220 1291 ab

155 1333 278 1429 equite
300 1331 339 1399 in
366 1326 540 1400 abeuntes
567 1331 727 1401 immisso
754 1326 962 1400 interfectos
982 1357 990 1398 :
1013 1331 1222 1419 Praenestini

155 1442 311 1512 maxima
332 1463 414 1536 pars
431 1437 543 1510 fuere.
563 1445 617 1510 Ex
633 1441 840 1536 quingentis
859 1441 1085 1536 septuaginta
1097 1451 1142 1527 ¹¹,
1157 1442 1225 1539 qui

155 1554 193 1635 in
212 1549 379 1650 praesidio
401 1547 570 1638 suerunt,
589 1552 709 1621 minus
732 1549 919 1620 dimidium
938 1546 1072 1620 ferrum
1091 1549 1220 1623 fames·
1254 1611 1256 1615 ,

156 1686 228 1758 que
245 1659 466 1757 absumpsit:
482 1663 600 1730 coeteri
618 1661 818 1731 incolumes
833 1665 1009 1732 Praeneste
1028 1684 1111 1731 cum
1127 1685 1221 1758 pree-

153 1787 233 1841 tore
250 1795 317 1840 suo
335 1771 490 1839 Manieio
502 1780 532 1811 ¹²
549 1770 687 1865 (scriba
701 1773 731 1841 is
749 1786 854 1841 antea
868 1769 1004 1866 fuerat)
1019 1770 1218 1863 redierunt.

156 1887 279 1951 Statua
296 1880 372 1974 ejus
388 1879 523 1949 indicio
542 1878 631 1967 fuit,
650 1885 827 1952 Praeneste
846 1884 884 1951 in
904 1881 984 1952 foro
1000 1897 1152 1968 statuta,
1169 1881 1221 1952 lo·

151 1992 286 2077 ¹ricata,
308 1989 436 2059 amicta
455 2004 556 2086 toga,
577 1990 695 2061 velato
714 1993 848 2088 capite,
872 2007 908 2062 et
928 1993 997 2062 tria
1015 1993 1114 2088 signa
1136 2013 1220 2063 cum

155 2197 297 2246 viderentur
306 2195 364 2244 satis
373 2197 543 2246 alimentorum
552 2215 580 2246 eo
591 2215 666 2263 usque
710 2209 734 2246 et
747 2199 779 2246 ad
790 2201 843 2248 Au.
855 2202 893 2258 II,
906 2207 950 2255 24.
966 2201 1003 2249 cf.
1019 2199 1051 2248 ad
1064 2196 1220 2262 XXXVIII,

157 2277 215 2324 dum
229 2292 259 2323 ea
273 2292 330 2341 rapa
343 2288 486 2325 nascantur.
500 2279 572 2326 Conf.
587 2279 665 2326 Strab.
711 2295 740 2341 9,
754 2295 779 2324 n.
794 2286 818 2334 4.
835 2305 870 2315 -
890 2279 990 2326 demissi
1005 2280 1100 2327 Cumas.
1117 2281 1219 2329 Robert.

156 2356 173 2404 l.
188 2356 205 2402 l.
219 2367 244 2402 et
257 2355 367 2402 Frontin.
380 2358 433 2415 111,
447 2357 486 2415 15,
502 2359 525 2404 3.
710 2357 790 2404 Titius
798 2357 841 2404 lib.
849 2357 943 2405 inedito
949 2360 1035 2407 Contr.
1042 2361 1221 2422 posteriorum,

193 2448 218 2494 9.
232 2433 276 2478 Ad
288 2433 419 2480 Casilinum
433 2451 538 2482 sessurus
545 2453 555 2491 ,·
567 2435 623 2482 vide
635 2435 668 2484 ad
694 2471 696 2475 r
711 2437 760 2493 VI,
771 2451 810 2493 11,
819 2447 846 2483 ut
856 2447 927 2484 notat
937 2437 1221 2505 Drakenb.,importune

158 2513 208 2557 VII
213 2546 220 2570 ,
231 2512 272 2570 37,
285 2528 310 2557 n.
323 2518 352 2569 4,
364 2522 388 2558 et
401 2513 539 2569 XXI,‘48,
552 2528 577 2556 n.
590 2515 613 2557 8.
710 2514 752 2557 hie
764 2514 894 2558 Cumarum
907 2514 1056 2561 mentionem
1069 2514 1124 2562 fieri
1134 2504 1221 2581 putet,

196 2604 236 2635 10.
250 2590 376 2651 Septunces
389 2588 516 2645 auri5VII
527 2590 605 2636 uncIae
615 2591 668 2637 suri
711 2604 786 2651 quum
798 2605 825 2636 ea
836 2591 894 2638 urbs
908 2608 988 2654 neque
1002 2595 1125 2657 superius,
1139 2611 1222 2661 neque

155 2683 188 2715 ex
205 2666 278 2724 hujus
295 2665 413 2727 temporis
430 2667 524 2713 ratione
544 2667 668 2716 efficerent
711 2667 812 2714 inferius
823 2681 954 2717 memorata
965 2684 1125 2731 occurrat‚et
1136 2675 1222 2739 presi·

158 2745 208 2791 fere
231 2743 280 2789 150
303 2742 439 2806 imperiales
460 2746 537 2793 nostri
558 2747 666 2811 argenti;
713 2745 783 2794 diarii
796 2749 896 2796 Casilini
908 2750 1037 2797 maximam
1051 2764 1145 2815 partem
1155 2757 1221 2802 Pre-

157 2821 250 2870 Stroth.
261 2821 364 2868 -lo'de
374 2835 486 2886 accepta,
496 2825 668 2885 jurejurando,
697 2824 802 2872 ‘nestini
820 2825 911 2874 fuerint
929 2844 984 2875 cum
1002 2830 1086 2892 paucis
1102 2833 1222 2880 Romanis

156 2913 182 2950 et
194 2917 253 2949 mox
266 2917 320 2947 cum
325 2900 382 2968 fide
392 2903 563 2970 profideliter,
572 2916 667 2952 servata
711 2902 829 2965 latinique
842 2905 955 2952 nominis.
971 2909 1038 2969 Quin
1050 2921 1087 2967 et,
1100 2910 1123 2956 si
1133 2911 1221 2958 Cuma-

151 2982 208 3050 fide
229 2980 272 3045 (ut
288 2996 341 3044 cap.
357 2988 404 3038 14,
418 2992 441 3027 et
457 2984 553 3042 XXIV,
568 2991 609 3042 47,
624 2983 668 3030 uhi
711 2996 766 3028 rum
781 2983 865 3030 Livius
880 2984 921 3031 hic
939 2987 1100 3045 meminisset,
1118 3005 1170 3037 nou
1185 3007 1222 3037 re-

157 3075 248 3125 synou.
265 3060 355 3107 dieitur
373 3059 425 3105 sine
435 3060 557 3126 fraude);
575 3063 667 3110 Stroth.
712 3060 789 3116 missi,
801 3061 844 3108 sed
854 3062 959 3120 dimissi,
970 3066 1008 3113 vel
1019 3066 1100 3113 emissi
1110 3067 1221 3117 dietum·

159 3139 200 3188 Sic
214 3141 311 3196 XLIII,
324 3154 369 3198 10,
382 3155 407 3185 n.
420 3139 447 3196 3,
460 3139 589 3206 neeſsdem
602 3142 667 3187 acci·
711 3136 895 3204 fustati-‘itaque
906 3143 1051 3206 legendum:
1066 3158 1116 3192 tum
1128 3148 1223 3197 remissi

154 3227 237 3281 peret,
249 3216 301 3264 soil.
308 3216 479 3276 jurejurando,
491 3229 518 3264 ut
527 3220 611 3279 XXII,
622 3219 667 3279 58,
711 3234 806 3264 summa
822 3235 875 3266 cum
884 3221 947 3287 fide.
963 3223 1010 3270 Sed
1026 3236 1112 3272 eontra
1128 3227 1222 3276 faciunt

158 3312 202 3342 nee
209 3294 300 3358 pignus
310 3294 381 3340 aliud
388 3295 460 3356 fidei,
474 3313 549 3357 quam
562 3308 589 3343 ut
595 3297 668 3361 jura·
712 3311 797 3344 omnes
811 3298 885 3346 codd.
901 3312 925 3348 et
940 3301 966 3346 in
980 3303 1105 3366 vulgatum
1121 3305 1221 3371 conspi-

156 3386 211 3421 rent
220 3388 244 3419 se
253 3372 384 3429 redituros,
396 3385 520 3437 acceptum
526 3393 537 3430 ;
546 3376 610 3422 Duk.
621 3376 669 3423 Sed
712 3387 773 3423 rent.
788 3377 832 3422 En.

151 3451 219 3518 fides
229 3451 334 3515 primum
345 3451 428 3514 potius
438 3451 487 3497 dici
496 3452 593 3499 videtur
603 3467 668 3502 certa
749 3471 788 3502 1-1.
800 3456 842 3500 Ex
852 3456 986 3520 quingentis
995 3461 1148 3524 septuaginta
1157 3461 1219 3527 (vid.

158 3529 305 3594 pollicitatio
319 3528 358 3592 (et
372 3527 471 3591 quidem
482 3546 512 3577 eo
524 3549 608 3590 sensu,
618 3550 667 3596 quo
712 3531 743 3578 ad
756 3548 809 3596 cap.
824 3550 866 3592 17,
879 3552 903 3580 n.
921 3534 952 3599 4)
970 3537 1047 3585 minus
1062 3556 1134 3601 quam
1148 3541 1221 3590 dimi·

158 3607 249 3656 dIcitur
264 3608 415 3665 XXXVIII,
431 3609 476 3666 33,
482 3609 538 3675 fide
551 3625 664 3676 accepta,
710 3610 776 3657 dium
794 3608 858 3675 (vid.
873 3613 905 3660 ad
919 3617 970 3674 III,
984 3617 1030 3674 64,
1045 3634 1070 3664 n.
1084 3619 1114 3682 5)
1121 3618 1222 3682 fenum

158 3686 210 3733 vim
230 3685 385 3751 amilcarem,
402 3696 426 3732 et
441 3688 539 3747 XLIII,
554 3692 584 3737 18
604 3704 666 3739 extr.
703 3687 833 3754 famesque
849 3691 999 3756 absumpsit:
1012 3697 1092 3744 malim
1100 3697 1221 3762 famesve.

156 3764 216 3811 uitae
231 3763 395 3827 libertatisque
401 3763 482 3832 fidem
496 3767 617 3831 accipere,
628 3772 667 3818 vel
711 3766 762 3819 Καὶ
783 3764 815 3824 ml
836 3773 1002 3840 περιγενέσθαι
1023 3773 1120 3836 sciisse:
1140 3779 1220 3846 φασὶ,

159 3843 241 3906 simpl.
252 3843 332 3910 fidem
348 3842 409 3889 dare
428 3846 514 3902 XLII,
525 3845 572 3901 65,
585 3862 610 3892 n.
622 3843 665 3908 4),
684 3871 685 3874 “
710 3847 772 3902 πλὴν
790 3844 883 3918 ἀνδρῶν
898 3852 980 3920 ὀλίγων
995 3861 1042 3905 τῶν
1057 3855 1073 3911 ἢ
1086 3863 1149 3924 λιμῶ
1163 3853 1222 3910 din·

157 3919 247 3967 deinde
259 3937 318 3968 vero
330 3922 445 3969 securitas
456 3934 480 3970 et
491 3923 564 3971 tutele
576 3921 668 3987 (sauve
709 3917 842 3990 λυθέντων,
858 3931 873 3986 ἢ
887 3933 909 3982 ἐν
924 3935 978 3990 ταῖς
990 3934 1098 4002 μάχαις,
1114 3910 1163 3988 Sit,
1173 3941 1191 3989 l.
1201 3941 1220 3990 l.

154 3999 245 4062 garde,
260 3999 363 4046 sicheres
379 4001 496 4067 Geleite),
508 4013 536 4049 ut
549 4004 606 4061 XL,
621 4011 666 4066 49,
747 4022 787 4055 tn.
801 4008 859 4055 Cum
865 4022 973 4073 proetore
982 4029 1026 4059 suo
1038 4015 1161 4074 lilanieio,
1172 4027 1220 4065 etc.

153 4087 178 4124 et
181 4076 248 4144 fides
253 4077 355 4140 publica
365 4079 431 4142 apud
441 4080 494 4128 cic.
505 4082 558 4131 Cet.
570 4084 621 4140 ΙΙΙ,
637 4090 665 4141 4,
710 4086 774 4133 Vide
784 4087 816 4134 ad
824 4091 877 4148 IX,
889 4089 933 4147 16,
943 4106 968 4137 n.
980 4106 1018 4138 ιο.
