2782 4568
194 281 318 384 etet?
400 300 561 369 Lmen
589 298 743 368 xxiii.
773 299 884 367 oar.
910 301 987 368 111.
1162 326 1226 398 271

167 453 184 488 a
199 423 375 520 cooptetis
387 432 411 491 ¹.
423 423 534 493 Citari
548 420 707 518 singulos
720 435 902 492 senatores
909 419 1067 516 jubeb0,
1082 420 1126 492 de
1139 449 1231 520 quo·

154 563 185 607 ,«
198 558 280 604 rum
298 535 414 631 capite
429 558 494 604 vos
509 533 694 604 consulam
712 559 719 600 :
736 530 837 629 quod
851 532 896 602 de
912 557 1061 629 quoque
1079 557 1231 607 censue-

166 645 286 733 «ritis,
304 642 377 715 fiet.
396 644 466 715 Sed
484 645 584 741 prius
609 645 647 712 in
669 642 746 737 ejus
763 643 884 712 locum
903 645 1020 713 virum
1038 629 1170 715 fortem
1191 637 1232 717 ao
1262 635 1266 651 ,

165 758 385 825 «strenuum
407 780 544 825 novum
571 767 775 824 senatorem
798 751 1028 851 cooptabitis,
1042 778 1159 849 ‘quam
1186 754 1231 826 de
1283 759 1285 763 ’

164 865 305 935 «noxio
326 864 544 962 supplicium
563 879 735 935 sumatur.
748 896 763 929 n
779 863 869 935 Inde
889 864 1072 952 consedit,
1093 880 1147 954 et,
1160 891 1228 937 no-

140 967 142 971 ’
164 973 323 1045 minibus
345 978 383 1044 in
410 988 538 1046 urnam
562 975 734 1070 conjectis
745 985 772 1061 ²,
792 976 912 1057 citari,
943 975 1044 1071 quod
1069 977 1228 1073 primum
1286 1033 1289 1036 .

163 1082 256 1156 forte
269 1109 405 1156 nomen
420 1085 569 1174 excidit,
590 1087 784 1183 ipsumque
803 1111 822 1156 e
837 1087 935 1155 curia
950 1086 1102 1184 produci
1111 1088 1227 1182 jussit.

163 1194 235 1266 Ubi
252 1196 414 1266 auditum
433 1210 486 1266 est
503 1219 655 1280 nomen,
673 1197 807 1266 malum
824 1209 861 1266 et
877 1195 1086 1293 improbum
1105 1220 1173 1293 pro
1192 1221 1230 1267 se

164 1306 319 1402 quisque
333 1305 502 1392 clamare,
517 1319 553 1375 et
568 1306 744 1402 supplicio
758 1305 919 1402 dignum.
932 1310 1024 1376 Tum
1036 1307 1228 1395 Pacuvius,

163 1444 180 1479 a
193 1413 324 1501 Video,
347 1438 427 1510 quae
452 1411 496 1483 de
523 1412 595 1484 hoc
615 1416 791 1485 sententia
810 1417 855 1485 sit
878 1412 993 1486 data³.
1014 1416 1140 1514 Eligite
1159 1441 1227 1514 pro

163 1555 181 1590 e.
194 1526 289 1595 malo
303 1539 411 1621 atque
426 1523 596 1621 improbo
613 1523 756 1594 bonum
773 1540 975 1597 senatorem
995 1542 1031 1597 et
1049 1528 1198 1621 justum.
1211 1558 1228 1593 2>
1274 1543 1276 1547 ’

163 1639 282 1707 Primo
314 1635 495 1705 silentium
530 1648 604 1704 erat
642 1635 765 1731 inopia
801 1637 951 1732 potioris
986 1637 1226 1731 subjiciundi3

163 1746 310 1832 deinde,
331 1770 445 1842 quum
460 1745 607 1840 aliquis,
627 1745 757 1815 omissa
771 1746 1002 1834 verecundia,
1019 1749 1227 1845 quempiam

162 1858 399 1941 nominasset,
414 1853 530 1923 multo
545 1855 660 1948 major
675 1852 859 1952 externplo
874 1855 1011 1926 clamor
1029 1857 1225 1949 oriebatur,
1320 1927 1322 1930 ,

163 1990 277 2064 quum
301 1965 360 2035 alii
384 1976 557 2062 negarent
583 1967 728 2049 nosse43
751 1964 809 2033 alii
829 1989 929 2034 nunc
950 1963 1102 2061 probra,
1128 1992 1226 2039 nunc

162 2077 418 2164 humilitatem,
434 2075 689 2173 sordidamque
706 2077 882 2173 inopiam,
898 2091 933 2147 et
946 2076 1125 2174 pudendae
1140 2082 1225 2151 artis

162 2202 223 2258 aut
248 2201 404 2283 quaestus
432 2211 546 2284 genus
573 2185 786 2281 objicerent.
813 2192 891 2256 Hoc
914 2187 1031 2258 multo
1052 2191 1172 2298 magis!
1186 2192 1224 2261 in

162 2296 322 2369 secundo
337 2320 377 2366 ac
391 2299 497 2367 tertio
512 2297 620 2367 citato
635 2310 802 2366 senatore
820 2309 873 2366 est
888 2294 1041 2384 factum3
1057 2312 1097 2367 ut
1113 2299 1225 2394 ipsius

161 2410 337 2505 poenitere
359 2407 526 2478 homines
552 2422 742 2505 appareret
754 2402 780 2495 5,
801 2430 911 2502 quem
934 2420 1055 2477 autem
1081 2408 1118 2476 in
1147 2408 1224 2502 ejus

162 2518 420 2590 substituerent
436 2519 573 2607 locum,
590 2518 713 2588 deesse
730 2545 736 2587 :
753 2519 838 2615 quia
853 2543 921 2588 nec
937 2517 1084 2588 eosdem
1103 2519 1223 2590 nomi·

162 2631 239 2699 nari
258 2628 452 2716 attinebat,
471 2629 562 2698 nibil
582 2628 676 2698 aliud
700 2623 809 2725 quam
830 2627 874 2698 ad
892 2628 1071 2700 audienda
1089 2627 1224 2727 probra

63 2727 82 2842 β’
160 2742 384 2830 nominatos,
395 2754 430 2810 et
440 2740 555 2849 multo
571 2738 781 2809 humiliores
789 2737 1088 2836 obscurioresque
1105 2741 1224 2812 caeteri

196 2953 256 3001 Cer.
269 2955 313 3005 ΙΙΙ.
328 2967 349 2999 1.
361 2953 395 2999 Et
407 2968 494 3000 novum
507 2951 622 3015 cooptetis
633 2968 670 2999 se·
713 2951 872 3016 Ejicitur'pro
883 2954 949 3000 malo
962 2965 1037 3016 atque
1049 2953 1165 3016 improbo.
1175 2956 1224 3000 Bo·

160 3041 257 3090 natum3
270 3032 327 3078 vide
338 3031 370 3078 ad
380 3034 432 3091 III,
445 3033 493 3088 ot,
506 3048 531 3078 n.
545 3031 569 3078 5.
713 3047 771 3077 num
786 3048 804 3078 s.
820 3043 845 3077 et
852 3031 946 3095 justum
962 3032 1054 3096 eligite,
1067 3031 1106 3079 vel
1119 3032 1221 3097 ejicitur.

196 3125 219 3157 2.
237 3111 380 3159 Nominibus
396 3111 420 3158 in
438 3127 526 3157 urnam
542 3109 666 3174 conjectis,
713 3113 762 3157 Pro
778 3111 843 3157 malo
858 3128 882 3158 a.
898 3111 913 3157 i.
928 3112 1016 3158 bonum
1028 3128 1048 3158 s.
1062 3123 1086 3158 et
1099 3111 1115 3158 i.
1129 3111 1221 3176 eligite,

159 3190 259 3253 proprie
279 3190 400 3251 sortibus,
417 3191 444 3237 in
462 3189 551 3253 quibus
570 3189 669 3236 nomina
713 3190 785 3254 prob.
798 3192 873 3238 Doer.
888 3190 963 3237 modo
977 3205 1024 3254 pro
1043 3189 1138 3254 ejicitur
1153 3190 1221 3256 (soil.

160 3280 228 3316 erant
237 3269 340 3334 scripta;
352 3280 380 3317 ut
391 3281 415 3318 et
423 3285 482 3316 mox
490 3268 669 3332 qnodprimum
714 3267 758 3325 de,
768 3285 811 3316 seu
820 3285 833 3315 e
842 3279 974 3326 senatu,ut
983 3270 1041 3326 XL,
1051 3269 1093 3326 51,
1102 3280 1126 3317 et
1132 3271 1214 3317 xutv
1216 3304 1223 3329 ,

160 3360 224 3395 sorte
242 3364 327 3394 nomen
345 3347 444 3396 excidit.
463 3347 535 3397 Conf.
548 3346 579 3394 ad
591 3349 668 3404 XXI,
717 3347 763 3412 19)
777 3358 909 3411 reponetur
922 3347 1042 3412 rejicitur,
1056 3347 1123 3410 quod
1136 3348 1220 3411 rejici,

162 3434 207 3485 42,
221 3443 246 3473 n.
258 3443 282 3474 2.
712 3443 765 3473 non
784 3426 841 3490 ejici
859 3425 983 3484 dieantur,
1004 3425 1046 3489 qui
1062 3438 1119 3489 post
1137 3429 1223 3474 fretam

197 3505 221 3552 3,
236 3504 310 3551 Video
327 3522 380 3567 quoe
393 3505 510 3553 sententia
526 3505 557 3552 de
572 3505 617 3552 ltoc
636 3506 668 3553 sit
711 3506 864 3554 sortitionem
881 3505 1047 3570 repudientur.
1060 3507 1170 3553 Verbum
1187 3517 1223 3554 tn·

160 3582 235 3639 data,
249 3582 344 3630 avobis
356 3583 597 3648 dicta(fortelata),
609 3585 633 3631 h.
645 3601 665 3632 e.
711 3602 768 3633 men
786 3597 936 3649 postremum
953 3585 1032 3649 eligite
1046 3585 1072 3631 in
1090 3586 1158 3633 nullo
1176 3585 1222 3633 Ms

160 3680 216 3710 eum
225 3663 315 3710 malum
324 3672 348 3708 et
356 3662 494 3725 improbum
503 3681 517 3712 a
528 3665 599 3712 vobis
605 3664 670 3725 judi·
711 3665 838 3730 reperitur.

160 3753 240 3789 catum
255 3753 279 3789 et
292 3739 479 3789 condemnatum
490 3760 549 3790 esse.
565 3770 600 3780 —-
616 3745 667 3791 Eli·
748 3751 772 3799 4.
789 3746 867 3805 Quum
883 3743 929 3790 alii
945 3754 1064 3807 negarent
1074 3759 1155 3803 nosse,
1167 3743 1218 3792 soil.

158 3821 208 3884 gite
224 3838 255 3868 ex
272 3818 367 3867 emend·
382 3821 502 3868 Gronovii
519 3822 581 3888 (pro
597 3822 665 3872 leett.
712 3839 744 3871 se.
757 3823 828 3875 Cous.
840 3823 872 3870 ad
883 3824 981 3879 XXIV,
997 3823 1040 3881 13,
1053 3838 1078 3869 n.
1089 3838 1114 3871 2.

159 3899 222 3946 MSS
236 3899 342 3962 ejicitur,
358 3898 516 3957 datacicitur,
532 3899 607 3964 eto),
623 3903 666 3965 qui
747 3902 770 3948 5.
792 3905 824 3948 Ut
840 3901 913 3964 ἱρείας
922 3900 1040 3967 poenitere
1056 3901 1162 3949 homines
1175 3919 1220 3967 cep-

159 3977 232 4024 etiam
242 3980 306 4037 conj.
318 3976 349 4023 de
359 3978 405 4024 ltoc
415 3977 453 4024 sit.
463 3981 527 4024 Date
538 3980 611 4044 igitur
617 3997 665 4043 pro
705 3991 813 4044 pareret,
823 3997 877 4027 eum
888 3978 1015 4043 displicere
1024 3981 1172 4043 hominibus,
1179 3995 1220 4032 aut

159 4057 239 4113 malo,
252 4067 298 4105 etc.
312 4058 341 4106 lu
355 4055 411 4104 edd.
424 4066 479 4104 ente
493 4073 547 4105 eum
560 4057 665 4122 legitur:
710 4060 817 4108 invisum
826 4075 886 4107 esse.
896 4059 934 4110 ct
945 4061 983 4118 11,
993 4059 1038 4118 54,
1047 4077 1073 4109 n.
1082 4062 1121 4112 16.
1132 4064 1221 4111 -At-
