2782 4568
195 270 318 372 §22:332
365 291 517 359 clusa
546 290 693 362 xxtu.
720 288 823 357 cur.
844 288 930 357 vu.
952 288 1056 357 VIII.
1159 309 1230 381 279

166 411 291 493 idnon
301 407 514 481 obedienter
525 408 653 497 modo,
666 407 730 480 sed
741 409 856 494 enise,
866 405 988 478 favore
998 408 1105 478 etiarn
1114 406 1228 502 vulgi,

170 533 207 591 et
225 518 346 590 studio
363 517 504 591 visendi
521 533 577 589 tot
597 520 672 615 jam
693 518 852 590 victoriis
878 516 1015 589 clarum
1034 517 1230 613 imperato·

166 652 264 716 rem,
281 628 415 700 factum
430 643 496 701 est.
512 624 644 701 Decius
663 631 803 726 Magius
819 653 888 703 nec
907 626 1230 725 obviamegressus

169 752 240 826 est,
262 761 347 822 nec,
362 759 438 834 quo
454 739 622 810 timorem
640 739 798 838 aliquem
818 762 864 809 ex
881 739 1101 810 couscientia
1119 737 1232 833 sigui-

167 848 277 921 ficare
295 862 433 946 posset,
449 844 616 948 privatim
634 875 672 920 se
692 850 862 922 tenuit¹⁰':
882 850 921 919 in
940 848 1021 920 foro
1043 873 1127 921 cum
1154 845 1231 918 filio

164 959 434 1058 ⁴cIIentihusque
460 962 586 1059 paucis
609 961 726 1033 otiose
753 959 1004 1048 inambulavit,
1025 959 1229 1056 trepidante

168 1070 398 1142 totacivitate
412 1068 458 1143 ad
474 1061 730 1173 excipiendum
742 1075 897 1141 Poenum
907 1078 935 1111 ¹¹
953 1069 1229 1166 visendamque.

165 1179 550 1278 Hannibal,iugressus
560 1180 708 1269 urbem,
723 1196 890 1253 senatum
905 1181 1086 1278 extemplo
1099 1194 1228 1278 postu-

165 1289 229 1378 lat,
249 1291 554 1388 precantibusque
580 1292 666 1363 inde
686 1288 908 1390 primoribus
937 1295 1228 1388 Campanortuu,

165 1400 320 1496 nequid
341 1425 385 1471 eo
411 1400 469 1473 die
491 1403 591 1474 seriae
608 1403 662 1474 rei
684 1411 878 1499 gererct¹²,
897 1401 1067 1498 diemque
1084 1414 1126 1472 ut
1152 1401 1229 1497 ips'e

164 1506 323 1584 adventu
344 1534 411 1580 suo
429 1508 561 1584 festum
577 1511 679 1584 laetus
693 1538 735 1585 ac
751 1510 869 1583 libens
887 1510 1103 1599 celebraret,
1114 1536 1227 1609 quan-

164 1642 274 1723 quqm
292 1644 451 1718 praeceps
467 1623 615 1720 iugenio
631 1625 670 1693 in
693 1624 781 1696 iram
800 1636 895 1710 erat,
916 1635 1054 1710 tamen,
1073 1619 1226 1719 nequid

162 1727 200 1797 in
213 1726 393 1827 principio
409 1747 575 1829 negaret,
594 1733 742 1807 visenda
760 1731 852 1804 urbe
867 1754 1036 1828 magnam
1054 1730 1126 1803 diei
1142 1754 1226 1828 par-
1259 1774 1261 1779 .

162 1851 236 1908 tem
257 1843 494 1940 consumpsit.

207 1948 304 2019 VIII.
328 1955 543 2025 Deversatus
565 1968 620 2025 est
642 1953 739 2052 apud
757 1955 909 2028 Ninnios
939 1951 1118 2036 Celeres¹,
1143 1954 1222 2021 Ste·
1248 1951 1250 1957 ’

160 2057 262 2126 nium
279 2062 567 2159 Pacuviumque,
583 2064 738 2160 inclytos
752 2063 941 2134 nobilitate
955 2087 996 2133 ac
1011 2062 1152 2132 divitiis.
1169 2067 1223 2131 Eo

160 2168 334 2250 Pacuvius
353 2172 534 2263 Calavius,
552 2172 597 2244 de
615 2198 690 2270 quo
709 2188 793 2246 ante
810 2170 947 2245 dictum
964 2186 1035 2261 est,
1052 2172 1223 2268 princeps
1257 2169 1259 2172 ’

161 2275 325 2350 factionis
346 2281 438 2376 ejus,
461 2308 540 2380 quae
559 2297 717 2358 traxerat
739 2306 817 2355 rem
844 2284 891 2355 ad
913 2287 1083 2370 Poenos²,
1107 2272 1223 2352 filiurn

159 2385 330 2482 juvenem
353 2391 521 2482 adduxit,
543 2392 762 2465 abstractum
783 2420 803 2464 a
824 2396 906 2464 sinu
931 2392 1033 2464 Decii
1056 2391 1165 2488 Magii
1182 2414 1223 2461 ac

161 2498 272 2571 latere
280 2497 308 2590 ³,
334 2526 414 2573 cum
442 2529 517 2602 quo
540 2502 761 2577 ferocissime
783 2529 851 2602 pro
876 2526 1026 2575 romana
1053 2502 1223 2571 societate

161 2697 237 2756 sitam,
248 2711 381 2763 piatorem
392 2717 553 2766 campanum,
567 2715 615 2751 etc.
628 2703 668 2750 ct

161 2779 252 2837 uoto,
265 2789 290 2827 et
300 2779 332 2826 ad
342 2781 416 2838 VIII,
428 2795 476 2842 19,
487 2797 512 2827 n.
526 2796 570 2840 ιο,
582 2792 607 2829 et
617 2783 670 2839 IX,

161 2870 208 2916 so,
219 2874 243 2904 n.
254 2874 278 2904 s.
293 2883 329 2894 --
341 2859 390 2906 Sed
399 2857 463 2906 etu‘se
475 2859 518 2925 (sl.
530 2858 626 2925 mise),
636 2876 671 2910 sc.

161 2934 240 2984 etim
253 2938 326 2987 Coos.
337 2937 369 2986 ad
379 2940 405 2998 1,
416 2947 498 2998 tom.
506 2954 528 2985 ι.

198 3028 237 3062 to.
250 3016 368 3065 Privatim
378 3033 405 3065 sc
417 3017 506 3076 tenuit,
517 3017 545 3065 in
556 3017 669 3082 priuato,

160 3091 227 3140 domi
243 3110 270 3142 se
287 3097 425 3161 continuit,
442 3097 669 3155 incommutatus

159 3180 204 3219 est.
220 3173 336 3222 Similiter
345 3175 463 3239 privatim
477 3175 568 3223 servari
581 3191 627 3240 pro
642 3175 672 3230 Iu·

159 3251 216 3298 Ioco
226 3253 323 3317 privato
337 3255 428 3304 dixisse
441 3255 519 3304 Plaut.
532 3255 620 3304 Bacch.
631 3257 669 3313 11,

161 3329 191 3387 3,
208 3333 257 3390 78,
272 3344 298 3380 et
306 3333 424 3397 privatim
435 3350 482 3400 pro
496 3351 528 3382 cx
540 3334 602 3381 locis
618 3333 669 3398 pri·

158 3407 222 3454 vatis
230 3409 387 3472 ctutum,
398 3428 422 3473 1,
429 3426 454 3461 et
463 3413 559 3462 Sallust.
567 3399 620 3462 Cas
628 3428 668 3470 11,

159 3497 244 3534 monet
254 3486 322 3536 Dok.
335 3492 383 3538 Sed
395 3491 458 3540 forte
468 3492 599 3556 legendum
612 3508 668 3540 cum

160 3565 238 3612 Grou.
242 3565 349 3629 privato.
362 3568 400 3617 cf.
410 3569 443 3616 ad
451 3573 487 3628 II,
500 3579 547 3630 24,
556 3589 582 3619 n.
592 3571 617 3618 6.

197 3659 237 3690 ιι.
253 3643 398 3713 Trepidante
408 3658 462 3695 tota
475 3649 571 3698 civitate
580 3649 617 3698 ad
627 3666 669 3697 ex·

159 3721 298 3786 cipiendum
311 3727 429 3783 Potitum
442 3727 501 3776 vide
511 3729 543 3776 ad
557 3731 603 3788 111,
621 3737 670 3792 49,

159 3817 185 3848 n.
196 3808 220 3857 4.
235 3829 272 3839 --
282 3805 398 3851 Senatttm
409 3807 530 3870 extemplo
538 3807 651 3871 postulat
656 3826 667 3864 ‚·

159 3880 217 3928 vide
225 3881 257 3929 ad
266 3885 344 3942 VIII,
358 3882 383 3942 5,
394 3897 420 3930 n.
431 3897 454 3932 x.

198 3974 237 4007 12.
252 3962 291 4007 Nc
304 3961 366 4025 quid
377 3977 406 4009 eo
419 3961 458 4010 die
469 3963 538 4012 sertia
550 3966 587 4014 rei
596 3982 664 4030 gere·

114 4055 117 4061 ·
161 4049 214 4097 ret‚·
228 4042 293 4090 conf.
304 4043 405 4104 XXVI,
420 4057 464 4105 ης
475 4044 587 4096 Frontis.
597 4048 634 4106 11,
645 4052 668 4105 1¹,

718 2717 762 2762 173
776 2702 854 2750 Plaut.
869 2703 937 2750 Poen.
950 2703 992 2760 11,
1005 2700 1052 2761 51;
1068 2703 1180 2748 Gronov.
1189 2727 1224 2736 -

715 2783 825 2844 Proeceps
835 2780 860 2828 t'tt
871 2779 949 2837 iram
957 2796 982 2827 v.
992 2797 1047 2844 sup,
1056 2780 1089 2828 ad
1097 2778 1187 2827 librum
1199 2782 1224 2836 1,

716 2861 916 2924 csp.32,n.13.

748 2938 809 2989 Cur.
819 2940 890 2987 VIII.
903 2955 926 2986 1.
943 2940 1087 2985 Deversatus
1102 2949 1137 2984 est
1150 2936 1222 3002 (vide

714 3017 745 3066 ad
756 3021 780 3076 1,
796 3017 839 3076 51,
850 3034 876 3066 n.
886 3016 912 3082 2)
923 3016 993 3080 apud
1001 3015 1104 3063 Ninnios
1117 3015 1221 3070 Celeres,

713 3097 756 3144 alii
772 3095 863 3145 Minius
881 3095 963 3159 (conf.
979 3095 1111 3148 XXXIX,
1129 3091 1175 3156 13)
1198 3104 1222 3140 et

713 3175 821 3223 Manios.
835 3175 873 3221 Dc
886 3189 972 3236 magna
984 3171 1098 3219 lectionis
1107 3172 1223 3219 varietate

713 3255 741 3300 In
749 3254 797 3301 hoc
806 3263 831 3300 et
840 3269 889 3316 seq.
900 3269 922 3298 c.
929 3268 953 3298 v.
963 3252 1040 3298 Gron.
1048 3250 1120 3297 Obss.
1129 3251 1175 3310 IV,
1185 3258 1208 3304 4.

748 3348 773 3379 n.
793 3332 852 3392 ΟΜ
869 3339 984 3378 nacerat
1000 3344 1050 3375 rem
1068 3329 1106 3375 ad
1118 3331 1220 3385 Poenos,
1256 3316 1263 3333 ⁸

712 3423 740 3461 ut
752 3412 892 3468 xxtvst,
905 3409 1141 3468 n.6;xx1v,28,
1154 3424 1220 3460 ως

712 3491 823 3549 XXXV,
834 3491 881 3552 503
890 3490 976 3546 XLII,
989 3493 1037 3545 44,
1048 3503 1072 3533 u.
1084 3503 1114 3546 ²3
1124 3489 1219 3544 XLIII,

717 3587 758 3628 17,
770 3586 797 3618 n.
807 3577 830 3624 4.
843 3567 959 3618 Similiter
966 3568 1017 3626 VI,
1029 3568 1062 3628 39
1070 3582 1108 3630 pr.
1118 3565 1225 3612 dictator

713 3664 764 3696 rem
773 3648 798 3696 t'n
809 3664 909 3695 causam
917 3645 996 3710 plebis
1009 3642 1135 3692 inclinavit
1146 3642 1225 3708 (unde

713 3739 739 3776 et
753 3743 813 3775 mox
830 3726 948 3774 inclinata
967 3724 992 3771 in
1007 3735 1106 3787 partem
1121 3724 1226 3770 alteram

711 3805 825 3869 civitas),
839 3817 864 3853 et
875 3803 993 3867 Polthus
1007 3804 1136 3860 XXVIII,
1153 3801 1168 3848 5
1175 3835 1183 3860 ,
1194 3818 1225 3859 2,

712 3885 769 3944 τοὺς
784 3884 948 3953 &sosipetes
963 3880 995 3933 τὰ
1010 3881 1150 3951 πράγματα
1166 3880 1224 3951 πρὸς

715 3965 813 4034 Περσέα
826 3963 868 4015 καὶ
882 3957 1041 4022 Μακεδόνας.

750 4048 773 4092 3.
792 4045 948 4093 Abstractum
963 4059 979 4089 a
994 4042 1048 4088 sinu
1062 4040 1132 4089 Decii
1144 4038 1224 4104 Magia·
