2782 4568
186 345 307 446 llll:
337 366 427 433 Lm.
455 321 601 434 xxru.
630 368 732 434 car.
758 367 900 432 xxix.
927 368 1047 431 xxx.
1143 362 1214 433 325

159 484 243 583 fuga
258 483 371 555 effusa
382 484 478 555 nuda
490 509 644 572 cornua,
656 483 855 582 elephantis
870 508 1017 579 quoque
1031 507 1104 580 prae
1117 508 1153 554 se
1165 509 1217 555 ac·

159 592 223 680 tis,
239 591 440 662 deseruere.
456 596 499 661 Et
511 592 729 677 Hasdrubal,
744 618 859 688 usquc
874 593 917 663 ad
932 594 1099 662 ultimum
1113 618 1218 666 even·
1239 616 1242 623 ’

160 717 238 772 tum
258 726 387 798 pugneo
405 717 584 791 moratus,
600 729 619 773 e
637 703 755 774 media
772 701 868 777 caede
885 727 967 772 cum
985 703 1108 799 paucis
1127 700 1219 771 essu·

160 813 211 908 git
225 839 233 880 ε
247 827 361 881 castra
374 815 527 882 Romani
541 837 669 911 cepere
683 827 792 908 atque
804 812 996 908 diripuere.
1016 814 1065 880 Ea
1079 835 1219 907 pugna,

160 924 191 991 si
207 946 279 1017 qua
298 921 407 991 dubia
428 924 465 991 in
484 923 652 1019 Hispania
674 937 778 994 erant
790 919 817 1010 ⁸,
838 923 1009 992 Romanis
1031 922 1218 1015 adjunxit:

161 1030 446 1126 Hasdrubalique
465 1057 540 1102 non
556 1033 666 1103 modo
684 1035 722 1102 in
741 1033 877 1104 Italiam
897 1031 1111 1103 traducendi
1124 1055 1222 1102 exer·

130 1199 132 1203 ,
163 1141 271 1225 citus,
289 1140 353 1212 sed
370 1165 416 1212 ne
432 1144 603 1213 manendi
620 1143 765 1238 quidem
787 1144 869 1213 satis
885 1158 964 1212 tuto
981 1144 1021 1212 in
1037 1140 1222 1237 Hispania,

162 1275 263 1346 spem
277 1251 433 1346 reliquit.
450 1254 537 1340 Qua
552 1267 746 1349 postquam
759 1254 869 1324 literis
884 1253 1092 1349 Scipionum
1102 1255 1223 1320 Romae

162 1359 304 1454 vulgata
326 1374 430 1446 sunt,
449 1386 524 1430 non
543 1375 614 1431 tam
633 1363 799 1448 victoria,
818 1385 927 1456 quam
948 1359 1134 1456 prohibito
1152 1365 1223 1428 Ha·

165 1466 343 1538 sdrubalis
359 1471 397 1538 in
414 1471 553 1540 Italiam
571 1472 746 1556 transitu,
765 1469 989 1538 laetabantur.

212 1582 323 1647 XXX.
352 1584 448 1648 Dum
468 1579 543 1650 hoec
563 1582 602 1649 in
625 1581 795 1676 Hispania
818 1593 1014 1674 geruntur,
1033 1578 1164 1648 Petelia
1186 1579 1225 1646 in

164 1690 309 1760 Bruttiis
322 1701 348 1777 ¹,
367 1691 504 1785 aliquot
525 1704 608 1788 post
624 1688 829 1777 mensibus,
844 1713 953 1784 quam
973 1701 1090 1784 coepta
1106 1711 1226 1783 oppu-

165 1801 268 1896 gnari
286 1816 360 1870 erat
371 1845 384 1888 ,·
401 1800 445 1870 ab
461 1802 681 1890 Himilcone,
701 1798 869 1897 praefecto
885 1796 1109 1882 Hannibalis,
1120 1819 1228 1892 expu-

164 1924 272 2004 gnata
290 1926 353 1981 est.
374 1910 490 1981 Multo
508 1912 680 2008 sanguine
697 1935 737 1980 ac
750 1908 961 1980 vulneribus
979 1931 1019 1976 ea
1037 1906 1156 1976 Poenis
1173 1905 1228 1973 vi·

167 2021 279 2089 ctoria
293 2022 411 2090 stetit:
425 2045 492 2091 nec
507 2022 579 2092 ulla
592 2021 702 2116 magis
715 2021 768 2089 vis
780 2019 961 2104 obsessos,
974 2040 1083 2112 quam
1097 2015 1227 2103 fames,
1316 2105 1319 2111 .

167 2133 394 2226 expugnavit.
408 2130 617 2228 Absumptis
630 2131 726 2200 enim
736 2128 881 2224 frugum
892 2128 1086 2209 alimentis,
1102 2124 1230 2194 carnis

169 2263 241 2334 que
266 2244 384 2311 omnis
408 2243 548 2338 generis
566 2239 861 2337 quadrupedum,
881 2239 1026 2307 sutrina
1044 2248 1228 2332 postremo

172 2351 310 2437 coriis2,
323 2349 536 2445 herbisque,
549 2366 585 2421 et
597 2349 796 2435 radicibus,
812 2362 848 2418 et
863 2344 1056 2417 corticibus
1077 2343 1228 2428 teneris,

172 2458 374 2554 strictisque
386 2457 507 2530 rubis3
521 2462 661 2548 vixere,
675 2485 760 2547 nec,
772 2474 968 2554 antequam
974 2457 1068 2525 vires
1080 2453 1125 2523 ad
1140 2467 1232 2523 stan·

415 2578 426 2601 .

208 2679 230 2724 8.
240 2676 268 2722 Si
277 2694 327 2740 qua
337 2678 413 2725 dubia
423 2680 447 2726 in
459 2681 581 2744 Hispania
591 2693 675 2738 erant,
722 2684 805 2730 coria?
819 2695 844 2731 et
853 2699 925 2745 quam
937 2680 1010 2729 dubia
1020 2692 1057 2728 est
1068 2679 1134 2741 vulg.
1144 2677 1230 2724 lectio!

172 2755 192 2801 si
211 2757 253 2817 qui
270 2757 356 2819 populi
372 2757 452 2805 adhuc
470 2759 504 2804 ibi
518 2759 612 2806 fuerant
629 2775 676 2806 sus·
722 2762 873 2824 Sutrinosque
886 2761 941 2807 edd.
956 2759 1027 2824 prim.
1043 2769 1099 2805 ante
1113 2756 1233 2813 Froben,

172 2835 241 2897 pensi
253 2845 277 2880 et
287 2835 374 2882 incerti
386 2835 416 2882 de
430 2836 579 2894 deiectione3
587 2839 662 2884 Doer.
724 2841 766 2903 qui
780 2840 871 2886 delevit
881 2840 909 2890 τὸ
922 2853 980 2901 que,
994 2836 1061 2899 quod
1074 2851 1158 2882 omnes
1170 2835 1233 2881 MSS

207 2914 267 2961 ΟΠ·
276 2915 361 2961 XXX·
372 2931 394 2962 1·
404 2915 510 2971 Petelia,
524 2917 679 2975 ⁸0¹1P0tili³‚
724 2930 831 2975 tuentur,
840 2919 865 2964 in
875 2917 964 2979 quibus
973 2927 1053 2962 tamen
1064 2929 1115 2960 non
1123 2913 1233 2960 sutrina·

173 2992 198 3038 in
213 2992 313 3039 Bruttiis
330 2993 405 3056 (hod.
421 2994 560 3058 Strongolia
574 2994 632 3041 vide
650 2994 682 3040 ad
727 3013 773 3059 que
786 2996 918 3060 reperitur,
928 2993 971 3040 sed
987 3003 1123 3054 suetemque
1138 3002 1162 3036 et
1181 3006 1235 3035 sue-

173 3071 215 3119 Sil.
226 3073 291 3128 XII,
306 3069 535 3135 431sq.)...coepta
547 3071 684 3135 oppugnari
727 3087 813 3137 teque,
833 3074 872 3120 vel
893 3083 1035 3133 saetaeque:
1050 3068 1115 3116 unde
1134 3067 1234 3115 Salmas.

173 3147 241 3211 (vide
255 3167 275 3198 c.
291 3148 335 3213 20)
349 3152 380 3196 ab
394 3150 529 3197 Himilcone
541 3162 683 3213 expugnata
726 3152 855 3215 carnisque
870 3169 893 3199 o.
908 3167 934 3214 g.
950 3165 974 3210 q.
993 3158 1127 3209 suetaeque,
1140 3158 1236 3209 postre-

175 3239 223 3284 ‘r‘Q
241 3239 288 3275 etc·
302 3230 373 3277 Conf.
387 3229 545 3293 Polyavtt,
563 3245 587 3286 13
600 3232 683 3275 Frout.
727 3248 778 3286 mo,
795 3243 855 3285 etc.‚
868 3228 971 3291 legebat.
985 3227 1158 3286 Scutorumque
1170 3225 1234 3284 conj.

175 3310 247 3355 Strat.
258 3310 303 3365 IV,
317 3310 345 3367 5,
360 3311 403 3367 183
415 3309 523 3372 Appian.
532 3308 592 3356 Bell.
602 3310 683 3355 Hann.
727 3310 804 3356 Valla.
816 3309 863 3356 Sed
872 3308 900 3358 rt
910 3322 956 3370 que
964 3303 1091 3369 probabile
1100 3304 1170 3359 facit,
1180 3313 1236 3369 ante

176 3401 198 3430 ⁰·
206 3402 239 3447 29
253 3386 310 3448 (ubi
325 3405 371 3451 pro
385 3388 524 3436 Himilcone
537 3399 685 3434 memoratur
726 3387 789 3434 hanc
800 3402 884 3434 vocem
894 3384 1013 3432 excidisse
1022 3382 1106 3437 aliam,
1117 3397 1170 3443 quae
1179 3381 1238 3428 latet

176 3463 316 3528 Hannon);
333 3467 423 3516 Athen.
436 3469 502 3525 xtl,
518 3468 547 3525 6,
563 3483 618 3531 pag.
634 3468 683 3513 528
727 3466 790 3512 forte
799 3466 823 3512 in
831 3463 1022 3528 quadrupedum.
1031 3459 1152 3524 suspicari
1160 3457 1239 3522 possis

178 3540 233 3604 (ed.
249 3543 384 3607 Schweigh.
399 3548 463 3604 XII,
474 3545 535 3610 36),
550 3557 575 3593 et
587 3545 629 3593 Sil.
640 3546 656 3593 l.
666 3545 683 3591 l.
729 3544 872 3608 madefactis
891 3541 1034 3603 siccatisquc
1052 3539 1108 3585 coll.
1127 3536 1239 3584 Frontini

181 3647 209 3655 —
224 3621 293 3666 Stetit
297 3640 307 3677 ,·
317 3623 374 3669 vide
385 3625 417 3670 ad
428 3627 466 3683 II,
480 3625 529 3683 36,
542 3641 567 3670 n.
579 3632 603 3678 ,4.
729 3624 746 3670 l.
754 3623 770 3672 l.
780 3624 818 3670 vel
829 3623 912 3686 potius
917 3620 1019 3683 pellium
1029 3617 1137 3680 scutiqne
1142 3627 1238 3679 postre-

214 3716 238 3746 2.
252 3700 355 3746 Sutrinis·
367 3713 489 3763 postremo
506 3703 593 3759 coriis;
612 3703 686 3766 aptis·
731 3719 769 3748 mo
788 3701 876 3756 coriis;
891 3712 919 3746 ut
933 3700 981 3745 fere
996 3698 1023 3743 In
1038 3696 1110 3743 simili
1125 3707 1238 3742 extremae

180 3780 238 3826 sime
252 3791 276 3827 et
289 3781 439 3841 gravissime,
447 3781 530 3840 judice
541 3781 650 3829 Strothio
663 3793 687 3829 et
730 3780 799 3826 famis
809 3778 973 3842 descriptione
982 3791 1048 3839 supr.
1058 3791 1080 3822 c.
1092 3789 1135 3835 19,
1150 3785 1176 3820 ut
1185 3775 1239 3820 lora

179 3857 308 3920 Hearing„
318 3858 338 3903 si
347 3859 455 3921 cogites,
468 3860 568 3908 miseros
575 3860 687 3907 homines
731 3859 901 3920 detractasque
914 3855 987 3902 scutis
992 3855 1080 3918 pelles,
1095 3851 1240 3917 nbiſsrrrida

181 3947 290 3982 sutorum
308 3935 432 3994 officinas,
448 3936 491 3984 ubi
508 3938 612 4001 plurima
631 3949 688 3984 sunt
731 3937 862 3986 mollissent
870 3951 950 3999 aqua,
963 3932 1078 3980 mandere
1087 3941 1240 3979 conarentur.

182 4015 260 4072 corla,
270 4015 366 4074 adiisse,
376 4016 458 4079 ibique
465 4028 555 4064 resecta
565 4018 688 4064 coriorum
767 4019 792 4063 3.
799 4016 938 4078 Striceisque
946 4013 1019 4068 rubis,
1031 4010 1163 4058 corticibus
1172 4009 1240 4067 rubi;

182 4093 256 4140 frusta
272 4095 410 4143 corrosisse.
420 4095 468 4144 Sed
477 4111 521 4144 cur
531 4095 584 4144 haeo
592 4107 688 4144 tantum
732 4093 808 4144 Drak.
834 4094 911 4142 Simul
928 4105 952 4140 et
972 4091 1038 4139 foliis
1060 4088 1238 4152 fructibusque,
