2782 4568
403 285 468 351 nn
492 285 748 352 tusustru
775 284 977 351 Atrion.
1138 238 1222 382 299

171 407 258 488 Quid
273 407 392 475 horum
408 403 532 494 Polybii
552 404 657 469 verbis
677 411 930 469 consentaneum
946 402 1019 466 est?
1035 405 1124 470 Nihil
1140 426 1226 473 certe

170 508 269 571 habet
277 507 336 569 ista
347 505 475 592 opinio,
489 503 578 569 uude
588 527 665 586 nos,
680 504 731 567 tel
743 504 958 584 invitos,'sibi
973 508 1154 571 consentire
1169 533 1226 572 eo·

170 625 245 696 gat:
263 607 304 671 ad
318 608 410 673 aliam
427 607 525 695 igitur
540 603 795 694 confugiendum
813 621 869 669 est.

214 709 350 797 Polybio
364 724 475 772 autem
490 707 580 789 freti,
600 707 818 775 existimamus
835 705 1047 770 Hannibalern
1065 707 1106 771 ab
1122 709 1229 773 Insula

170 809 212 873 ad
226 810 323 897 Alpes
340 831 416 873 cum
432 807 570 871 marium
585 807 741 871 exercitus
757 823 847 895 parte
860 806 1033 871 tetendisse
1044 810 1228 896 pervellem

171 913 282 986 Isarae,
308 910 441 974 adverso
468 907 619 988 flumine,
644 909 736 972 laevas
762 909 974 995 stringentem
998 909 1101 973 amnis
1125 909 1227 998 ripas,

171 1011 327 1098 usquead
340 1010 681 1098 Mortem-Melianum
693 1057 703 1093 ,
717 1009 826 1096 quoin
835 1010 908 1073 loco
922 1009 1163 1076 Isarafacillimc
1172 1030 1231 1093 tta·

168 1113 223 1191 jici
240 1130 369 1202 potest:
388 1111 465 1175 inde
489 1135 548 1200 per
571 1112 685 1207 vallem
706 1110 852 1176 eamdem
871 1133 890 1174 a
909 1110 1024 1174 dextro
1039 1111 1137 1177 latere
1153 1137 1231 1201 pro-

171 1237 317 1302 gressum
330 1212 468 1301 rectaad
478 1213 592 1300 Alpem
603 1206 731 1276 Graiam
743 1211 936 1301 pervenisse.
947 1212 1073 1276 Hacvia
1084 1215 1231 1278 solebant

172 1316 396 1405 transmigrare
411 1315 482 1378 Boii
500 1330 532 1377 et
546 1313 718 1396 Insubres3
738 1313 799 1377 hac
821 1312 1013 1376 feracissima
1030 1314 1120 1402 regio
1140 1331 1231 1402 pate·

172 1417 243 1498 bat,
258 1415 712 1503 Gratianopolitanusscilicet
732 1438 808 1504 ager
828 1431 892 1477 tam
915 1414 1089 1503 pinguibus
1105 1418 1230 1504 pascuis

171 1519 366 1598 celebratus3
386 1518 447 1580 hac
465 1512 616 1582 citissime
633 1532 665 1579 et
682 1532 925 1604 peropportune
938 1515 1040 1579 Graiae
1060 1516 1158 1604 Alpes
1174 1540 1232 1604 pe·
1319 1555 1323 1563 ·

172 1620 332 1683 tebantur.
350 1619 435 1682 Huic
449 1617 546 1679 etiam
563 1617 678 1680 eximie
693 1616 892 1679 conveniunt
908 1615 1005 1679 verba
1025 1616 1150 1705 Polybii
1164 1619 1231 1697 jam

173 1720 272 1784 modo
287 1721 403 1783 citata:
427 1717 549 1793 Atridae,
568 1729 591 1780 ἐν
612 1729 715 1798 ἡμέραις
736 1723 801 1778 dean
817 1724 939 1796 πορευθεὶς
956 1725 1026 1797 παρὰ
1046 1729 1086 1779 τὸν
1103 1729 1232 1798 ποταμὸν,

170 1829 261 1900 ἤρξατο
273 1833 319 1890 τῆς
333 1830 394 1900 πρὸς
406 1827 454 1888 τὰς
464 1813 555 1887 hasart
570 1824 699 1887 ἀναὸολῆς.

217 1926 323 1987 Immo
336 1922 499 1989 Hannibal
512 1945 693 2010 peregrum
705 1921 917 2011 Allobrogum
931 1947 998 1987 non
1013 1926 1116 1989 secius
1131 1916 1235 1990 trans·

172 2024 258 2088 ibat:
275 2026 299 2087 si
323 2023 457 2111 quidem
476 2023 621 2087 dextram
637 2024 741 2086 amnis
757 2047 847 2086 oram
865 2025 979 2114 legisse
996 2027 1146 2091 credatur
1162 2048 1234 2117 pars

172 2128 335 2214 copiarum
344 2149 436 2214 ,quae
449 2141 590 2189 assuero
603 2126 744 2189 exercitu
756 2141 879 2189 arceret
890 2127 1091 2194 incurrentes
1108 2129 1179 2195 illos
1194 2155 1233 2195 ex

173 2228 417 2316 Allobrogibus,
435 2227 492 2314 qui
512 2227 641 2290 alterius
658 2227 761 2315 reguli
781 2226 830 2289 ab
841 2227 1020 2293 Hannibale
1038 2231 1115 2295 victi
1127 2250 1233 2320 partes

173 2329 332 2393 fovebant.
349 2329 487 2392 Atenim
497 2327 621 2391 etiarnsi
631 2350 668 2391 ea
675 2327 798 2415 opinio,
805 2327 880 2390 licet
886 2329 1126 2419 verisimillima,
1138 2333 1233 2396 nullis

172 2429 364 2492 inniteretur
387 2427 626 2510 fundamentis,
648 2444 680 2492 et
700 2422 1047 2518 agrumlAllob'rogum
1067 2433 1152 2495 lsara
1174 2449 1235 2496 ter·

174 2529 288 2590 minari
307 2551 367 2614 pro
389 2528 580 2592 confirmato
601 2545 635 2592 et
657 2528 840 2609 indubitpto
860 2529 1050 2613 baberetur,
1070 2533 1234 2597 nihilomi-

174 2650 236 2691 nus
249 2627 428 2704 Hannibal,
441 2629 573 2706 trajecto
585 2627 627 2690 ad
637 2624 972 2697 MontemMelimum
986 2655 1098 2716 amne,
1110 2626 1234 2722 partem

173 2731 271 2810 hujus
295 2729 437 2817 regionis
459 2728 670 2816 permeavisse
692 2729 874 2795 credendus
896 2749 954 2796 est.
977 2734 1070 2797 'Iunc
1089 2736 1234 2824 profecto

174 2831 235 2919 ipsi
255 2830 391 2910 incolae,
414 2831 470 2917 qui
485 2827 633 2899 numidas
654 2830 777 2917 equites
796 2832 911 2912 simul,
933 2830 1110 2922 datumque
1126 2837 1232 2901 Poenis

158 2940 161 2945 ’
174 2931 399 3020 indigenarum
419 2929 602 3018 praesidium
622 2929 816 3012 timuerant,
832 2932 938 2995 statim
952 2955 989 2996 ac
1001 2933 1131 3018 hostem
1144 2936 1179 2998 in
1194 2959 1233 3000 ec

173 3056 244 3097 esse
255 3046 437 3112 senserunt,
451 3048 489 3094 ut
504 3047 630 3094 montes
647 3031 897 3113 conscenderet,
914 3033 1054 3095 saluium
1072 3036 1234 3122 angustias

173 3151 248 3198 unte
267 3155 432 3221 occupare
450 3132 660 3214 festinarunt,
675 3133 760 3196 viam
781 3132 897 3197 infesta
918 3133 1068 3198 custodia
1079 3135 1234 3199 interclu-

174 3235 253 3300 suri.
269 3235 319 3299 lbi
335 3256 394 3322 per
410 3232 541 3296 insidias
553 3232 897 3320 Hannibalquamdam
908 3257 1009 3324 prope
1022 3236 1155 3318 urbem,
1175 3260 1234 3302 cu·

173 3335 226 3414 jus
247 3357 375 3399 nomen·
394 3335 477 3417 male
502 3333 611 3397 omisit
630 3333 804 3422 Polybius,
829 3329 982 3424 magnum
1005 3337 1038 3399 in
1061 3332 1232 3402 discrimen

174 3435 333 3500 adductus
350 3451 419 3499 est:
434 3435 510 3499 victi
527 3434 658 3521 quidem
675 3435 881 3525 Allobroges,
899 3434 956 3500 sed
973 3437 1117 3502 victrices
1134 3441 1232 3529 copiae

175 3535 351 3600 admodum
370 3560 409 3600 eo
424 3536 532 3624 praelio
549 3534 719 3599 debilitatae
734 3535 960 3600 discesserunt.

221 3637 346 3702 Clariss.
364 3639 532 3716 Letromte,
551 3637 605 3700 cui
615 3636 697 3701 Livii
710 3637 925 3702 narrationem
939 3638 1230 3724 praeplacuissejam

175 3737 442 3819 anteavidimus,
463 3760 565 3826 quum
587 3760 656 3801 earn
678 3760 807 3812 summo
830 3737 951 3825 ingenii
974 3754 1093 3801 conatu
1108 3763 1231 3828 propu-

176 3858 306 3930 gnaret,
324 3840 411 3902 ultro
429 3855 535 3902 tamen
552 3840 718 3903 confessus
737 3855 800 3920 est,
819 3837 899 3901 illud
919 3837 959 3902 ad
976 3838 1073 3925 Alpes
1092 3841 1232 3905 rectissi-

177 3963 267 4004 mum
282 3962 351 4003 esse
367 3939 448 4020 iter,
468 3938 557 4024 quod
579 3961 667 4018 nunc
687 3940 843 4029 eligimus.
867 3939 978 4021 Quum
999 3955 1106 4003 autem
1123 3941 1230 4006 Livius

978 4052 1057 4156 ,n
