2782 4568
504 229 659 346 Laeua
690 281 819 347 xxti.
1117 281 1184 355 133

160 423 226 462 curn
247 398 378 459 hostibus
396 410 514 476 pugnat.
532 430 571 442 —
588 403 688 470 XXV3
707 405 751 458 Ita
771 413 892 476 augetur
912 400 1022 458 invidia
1040 401 1137 474 Fabii,
1156 418 1186 462 et

160 503 201 554 M.
218 493 344 552 Metilius
365 491 497 549 tribunus
519 491 596 567 pleb.
608 493 785 569 rogationem
807 494 971 570 promulgat
993 494 1029 550 de
1044 498 1186 570 aequando

160 589 286 665 magistri
306 585 434 662 equitum
453 598 481 641 et
501 583 649 641 dictatoris
666 585 741 661 jure.
760 586 857 643 Pridie
873 606 959 663 quam
979 586 1040 662 ejus
1060 588 1186 646 ferendae

161 681 221 738 dies
234 681 327 750 adest,
342 677 448 736 Fabius
462 690 547 735 nocte
564 676 600 734 ad
615 678 771 734 exercitum
789 677 862 749 abit,
877 692 973 736 creato
990 690 1055 735 ante
1070 682 1187 738 consule

159 779 200 831 M.
216 773 306 830 Atilio
326 772 446 848 Regulo.
466 803 505 814 —
522 775 640 840 XXVI3
659 774 783 847 Rogatio
802 771 851 828 illa
869 773 1029 848 perfertur,
1048 772 1187 831 suadente

160 869 192 923 C.
201 864 338 923 Terentio
350 869 497 934 Varrone,
514 862 579 919 viro
598 863 700 919 humili
720 864 784 920 loco
808 875 889 934 orto,
909 864 959 939 qui
981 865 1187 940 proclamando

160 976 214 1033 pro
233 954 357 1013 sordidis
376 954 541 1012 hominibus
560 956 689 1012 favorem
711 968 878 1031 captaverat
898 957 1085 1033 popularem,
1103 973 1131 1015 et
1150 959 1186 1017 ad

160 1068 278 1126 magnos
296 1050 357 1126 jam
381 1048 507 1104 honores
531 1059 712 1124 pervenerat.
729 1078 767 1090 —
786 1051 918 1118 XXVII3
940 1050 1090 1107 Exercitus
1112 1051 1189 1109 inter

159 1143 281 1200 Fabium
295 1155 324 1199 et
339 1142 500 1199 Minucium
516 1138 897 1210 dividuntur.—XXVIII;
913 1140 1058 1199 Minucius
1075 1162 1141 1200 mox
1157 1145 1188 1202 in

159 1233 249 1290 aciem
272 1233 436 1300 descendit,
458 1244 486 1288 et
507 1230 635 1301 laborat,
655 1230 872 1288 insidiatoribus
892 1232 922 1289 in
942 1234 1032 1292 latera
1049 1248 1134 1311 atque
1151 1237 1188 1294 ab

160 1336 241 1401 tergo
252 1323 475 1382 incursantibus.
483 1327 643 1392 -XXIX3
652 1322 779 1381 Fabiana
792 1324 866 1382 acies
877 1339 998 1402 repente
1005 1371 1013 1399 ,
1026 1328 1105 1385 velut
1116 1331 1186 1397 caelo

159 1415 295 1487 demissa,
309 1416 417 1473 auxilio
433 1414 527 1484 venit,
543 1420 703 1491 Poenusque
719 1416 795 1472 canit
811 1419 1105 1495 receptui.—XXX;
1122 1425 1184 1480 Mi-

160 1509 262 1565 nucius
277 1521 369 1565 castra
383 1527 447 1565 cum
464 1507 555 1565 Fabio
567 1509 679 1584 jungit,
697 1522 851 1586 rogatque,
870 1525 903 1568 ut
923 1514 1116 1590 magisterium
1132 1516 1187 1573 sibi

160 1600 290 1675 equitum
305 1599 452 1656 reddatur.
466 1600 596 1657 Dictator
609 1606 728 1673 Parens,
745 1621 777 1658 ac
793 1603 898 1662 milites
910 1605 971 1680 ejus
980 1607 1098 1664 Patroni
1111 1610 1190 1665 salu-

161 1697 284 1748 tantur:
304 1705 332 1748 et
352 1713 429 1748 nunc
449 1693 497 1749 ille
515 1712 569 1769 par
586 1694 677 1770 gloria
699 1707 742 1753 est
762 1696 840 1774 apud
862 1697 939 1754 cives
961 1698 1125 1776 hostesque.
1150 1735 1188 1744 -

159 1787 264 1849 XXXI
272 1807 281 1855 3
298 1790 349 1842 Cn.
360 1785 497 1845 Servilius
512 1785 649 1844 Geminus
664 1807 721 1845 cos.
736 1789 810 1844 male
824 1808 884 1845 rem
900 1789 974 1865 gerit
987 1790 1016 1846 in
1030 1792 1147 1859 Africa,
1160 1807 1189 1849 et

160 1877 192 1933 in
205 1878 317 1935 Italiam
330 1879 449 1956 trajicit,
461 1881 569 1937 accitus
582 1879 672 1937 literis
686 1879 784 1951 Fabii,
802 1880 853 1957 qui
868 1880 925 1957 ipsi
939 1893 967 1937 et
983 1882 1100 1958 collegae
1115 1882 1192 1957 ejus,

160 1973 201 2025 Μ.
212 1970 304 2028 Atilio
319 1972 447 2048 Regulo,
460 1973 619 2029 exereitum
636 1992 736 2043 suum,
755 1971 826 2030 duas
841 1973 956 2048 utrique
973 1975 1114 2049 legiones,
1127 1988 1189 2032 tra-

161 2060 212 2118 dit.
228 2101 268 2113 .-
283 2067 417 2133 XXXII;
431 2065 570 2122 Consules
587 2063 697 2122 artibus
710 2064 844 2123 Fabianis
860 2085 926 2122 cum
944 2084 1055 2123 summa
1069 2067 1146 2123 inter
1161 2088 1190 2124 se

161 2155 317 2213 concordia
330 2155 439 2215 bellum
453 2171 573 2233 gerunt,
588 2170 617 2215 et
628 2158 774 2217 Hannibal
789 2158 887 2234 inopia
902 2178 984 2234 paene
1001 2160 1114 2235 cogitur
1123 2161 1192 2217 Gal.

161 2245 227 2304 liam
242 2263 383 2326 repetere.
396 2250 582 2328 Neapolitani
596 2251 704 2327 legatos
714 2254 837 2312 Romam
851 2250 969 2306 mittunt
982 2270 1048 2306 cum
1062 2271 1100 2306 xt.
1112 2265 1192 2327 pate-

159 2339 199 2396 ris
209 2343 316 2414 aureiS,
326 2362 342 2399 e
352 2341 457 2419 quibus
469 2363 526 2400 una
538 2353 665 2414 tantum,
678 2362 769 2418 eaque
779 2341 916 2419 ponderis
926 2341 1050 2412 minimi,
1062 2354 1189 2399 asenatn

161 2432 310 2510 accipitur.
321 2469 358 2478 -
368 2439 519 2507 XXXIII3
534 2437 708 2513 Speculator
719 2439 822 2492 Poenus
838 2438 938 2491 Romae
953 2434 1192 2511 deprehenditur,

127 2598 130 2603 ι
161 2535 190 2580 et
205 2526 293 2595 servi,
307 2527 356 2602 qui
371 2526 608 2601 conjuraverant,
622 2527 653 2583 in
667 2547 782 2584 crucem
797 2540 932 2602 aguntur.
948 2527 1049 2602 Legati
1066 2528 1191 2586 mittun-

162 2626 209 2671 tur
226 2617 261 2672 ad
281 2618 461 2695 Philippum,
474 2618 525 2693 qui
545 2617 704 2694 deposcant
720 2620 900 2676 Demetrium
910 2618 1071 2690 Pharium,
1089 2620 1125 2679 ad
1142 2621 1194 2678 Li-

162 2726 264 2782 gures,
283 2715 441 2766 Poenorum
458 2709 567 2780 socios,
586 2722 615 2766 et
632 2711 662 2765 in
683 2709 798 2784 Illyrios
813 2707 855 2785 ad
874 2710 1052 2787 stipendium
1068 2732 1084 2768 a
1103 2713 1209 2794 Pineo⁸

163 2818 230 2875 rege
246 2801 459 2876 postulandum.
474 2800 562 2858 AEdes
575 2799 764 2866 Concordiae,
780 2800 899 2856 biennio
915 2816 980 2859 ante
997 2822 1014 2858 a
1033 2809 1066 2861 L.
1081 2804 1192 2861 Manlio
1227 2847 1229 2851 ,

162 2903 246 2962 vota,
261 2893 288 2950 in
304 2913 368 2950 arce
384 2889 517 2949 facienda
530 2891 656 2961 locatur,
673 2890 914 2966 comitiorumque
933 2892 1128 2950 consularium
1144 2894 1194 2950 ha-

161 2983 324 3042 bendorum
343 3005 428 3042 causa
447 2983 553 3040 dicitur
567 2981 709 3039 dictator:
723 3002 758 3039 eo
774 2996 869 3040 autem
885 2984 958 3040 vitio
976 2997 1087 3055 creato,
1102 2987 1195 3042 inter-

162 3097 245 3154 reges
260 3078 432 3156 produutur.
452 3109 492 3124 ν-
511 3078 657 3144 XXXIV3
673 3077 705 3131 C.
716 3074 869 3131 Terentius
879 3080 974 3132 Varro
995 3075 1066 3151 petit
1087 3095 1194 3133 consu-

161 3171 268 3242 latum,
281 3184 478 3248 cognatusque
489 3168 566 3244 ejus,
578 3171 612 3237 Q.
622 3165 734 3224 Baebius
745 3167 926 3236 Herennius,
941 3165 1073 3222 tribunus
1086 3166 1193 3244 plebis,

162 3261 266 3321 acerba
288 3263 419 3321 oratione
438 3262 467 3317 in
484 3271 631 3329 senatum,
648 3278 771 3334 augures
795 3278 827 3314 ac
848 3256 961 3314 nobiles
984 3258 1139 3317 invehitur.
1154 3295 1190 3303 —

162 3357 295 3424 XXXV;
316 3359 347 3413 C.
365 3354 519 3413 Terentius
534 3358 629 3410 Varro
652 3363 680 3408 et
703 3356 735 3409 L.
754 3349 885 3408 AEmilius
908 3351 1013 3407 Paulus
1035 3352 1194 3411 secundum

163 3449 295 3505 consules
315 3459 463 3518 creantur,
480 3465 514 3503 ac
535 3443 673 3521 praetoria
693 3442 839 3500 habentur
860 3442 984 3498 comitia.
997 3447 1195 3516 -XXXV13

160 3526 305 3598 Numerus
318 3553 347 3597 et
361 3540 506 3616 legionum
522 3551 550 3600 et
567 3537 690 3594 militum
705 3536 735 3592 in
750 3536 805 3593 illis
820 3547 949 3612 augetur.
968 3533 1104 3610 Prodigia
1117 3556 1194 3592 nun-

161 3631 272 3689 tiantur
286 3644 539 3708 procuranturque
554 3649 590 3686 ex
604 3628 686 3686 libris
700 3627 858 3704 Sibyllinis.
875 3626 997 3684 Paestani
1013 3639 1128 3702 pateras
1145 3649 1195 3687 au-

162 3744 226 3781 reas
247 3725 383 3794 mittunt,
401 3736 434 3780 ut
453 3723 541 3800 paulo
562 3733 628 3779 ante
648 3722 839 3798 Neapolitani.
858 3754 895 3762 -
910 3723 1073 3791 xxxvii,
1090 3723 1194 3782 Classis

161 3816 299 3874 Hieronis
321 3834 387 3872 cum
406 3834 511 3892 magno
530 3826 709 3881 commeatu,
728 3832 815 3870 aurea
826 3812 970 3883 Victoria,
989 3814 1142 3888 sagittariis
1161 3838 1194 3874 ac

163 3906 360 3965 funditoribus
376 3906 487 3964 accedit
502 3906 635 3964 Ostiam:
654 3919 683 3963 et
699 3905 735 3963 ad
751 3906 869 3962 classem
883 3910 916 3962 T.
930 3905 1046 3962 Otacilii
1064 3926 1194 3985 proprae-

164 4000 234 4088 toris
248 4000 279 4058 in
293 3999 389 4060 Sicilia
405 4019 464 4058 xxv
478 3999 700 4075 quinqueremes
716 3998 872 4058 adduntur.
885 4029 924 4044 -
936 4001 1114 4072 XXXVIII;
1132 4004 1192 4061 Mi-

634 4096 638 4138 t
