2782 4568
181 313 209 409 i:
222 309 246 408 ξς
260 310 307 411 2321
383 331 477 396 cle.
505 330 630 395 xxa.
658 330 761 398 cir.
791 331 990 397 xxxvii.
1145 332 1215 407 213

155 475 253 535 ram,
276 462 401 544 aptam
427 473 573 531 martam
595 449 766 521 adversus
789 449 951 521 Baliares
969 475 1014 521 oc
1040 457 1213 543 Mauros„

150 582 409 659 pugnacesque
421 556 652 631 alrasmissili
666 559 734 631 telo
745 577 878 656 gentes.
895 559 951 631 Ad
966 585 1007 633 ea
1022 561 1119 633 dona
1133 587 1217 636 con·

156 672 275 742 silium
288 694 436 768 quoque
452 668 653 759 addebant,
673 676 719 741 Ut
721 687 877 768 preetor,
894 676 955 741 cai
958 678 1149 768 provincia
1167 678 1216 745 Si·

155 783 241 853 cilia
267 789 456 869 evenisset,
483 781 629 854 classem
650 788 688 854 in
710 785 877 872 Asticam
902 785 1098 877 trajiceret,-
1123 801 1164 855 ut
1181 803 1218 857 et

156 895 273 966 hostes
290 902 327 964 in
346 911 442 965 terra
457 919 524 965 sua
537 892 672 964 bellam
690 893 882 979 taberent,
903 899 1088 987 minasque
1108 895 1217 968 lorca-

156 1012 267 1076 menti
282 1006 452 1076 daretar‘*
467 1010 510 1074 iis
524 1004 577 1075 ad
590 1004 733 1075 ancilia
744 1003 951 1079 Hannibali
963 1006 1217 1079 sabraittendo.

154 1116 211 1188 Ab
224 1132 353 1188 senatu
365 1118 414 1187 ita
426 1139 642 1213 responsum
654 1116 733 1212 regi
745 1131 798 1186 est
811 1142 819 1185 ε
833 1120 960 1186 Viram
976 1117 1109 1190 bonam
1127 1142 1221 1214 egre·

152 1231 326 1324 giumque
345 1234 483 1298 sociam
502 1231 699 1296 Hieronem
718 1251 807 1306 esse,
831 1241 942 1319 atque
960 1221 1061 1298 ano⁵
1080 1242 1216 1314 tenore,
1291 1265 1294 1270 ·

155 1360 205 1405 ea
219 1361 293 1432 qao
306 1343 343 1406 in
358 1333 555 1407 amicitiam
561 1334 697 1433 papali
710 1341 853 1408 romani
866 1342 1016 1419 venerit,
1026 1337 1146 1432 fidem
1158 1363 1219 1410 oo·

156 1443 277 1531 luisse,
295 1471 340 1517 oe
355 1471 432 1518 rem
447 1470 640 1517 romanam
659 1451 931 1542 omnitempore
950 1471 994 1517 ac
1008 1445 1088 1517 loco
1102 1453 1219 1519 muni-

144 1558 225 1652 fice
240 1555 443 1649 adjuvisse:
459 1556 515 1641 id,
527 1555 681 1652 perinde
694 1581 737 1625 ac
751 1555 909 1638 deberet,
923 1573 1067 1653 gratam
1074 1556 1200 1655 popul

155 1664 310 1738 romano
330 1689 413 1735 esse.
430 1668 572 1735 Aaram
589 1680 625 1734 et
637 1690 662 1734 a
676 1665 875 1736 civitatibus
891 1666 1108 1765 quibasdam
1122 1667 1179 1737 all
1202 1709 1220 1722 -

102 1789 105 1797 '
156 1769 267 1860 tam6,
286 1782 405 1872 gratia
423 1783 478 1845 rei
494 1791 661 1872 accepta,
679 1800 753 1846 non
772 1781 951 1873 occepisse
962 1776 1144 1877 populum
1162 1803 1220 1847 ro-

157 1911 315 1956 manam.
332 1891 527 1967 Victoriam
544 1860 915 1984 omenqae'accipere,⁰
929 1887 1124 1984 sedemque
1137 1894 1172 1957 ei
1183 1913 1222 1961 se

156 2000 260 2068 Diooe
273 1997 378 2085 clare,
397 1998 521 2068 dicare
536 1998 771 2093 Capitolium,
790 1998 963 2094 templum
977 2002 1074 2077 ioca
1090 2001 1224 2094 Optimi

156 2111 326 2177 Maximi.
349 2114 391 2177 ln
410 2132 454 2177 ea
473 2133 557 2177 arce
576 2108 673 2176 urbis
693 2130 857 2179 romanoe
875 2124 1073 2191 sacratam,
1094 2106 1221 2176 volen-

157 2231 226 2286 tem
245 2223 518 2315 propitiamqae
530 2228 555 2304 7,
566 2218 717 2309 firmam
739 2242 783 2294 ac
799 2217 963 2305 stabilem
976 2217 1063 2306 fore
1080 2216 1221 2318 populo

157 2317 319 2396 romano.
332 2327 566 2413 Funditores,
580 2327 843 2423 sagittariique,
858 2339 895 2395 et
907 2325 1134 2396 frumentum
1149 2339 1223 2395 tra·

160 2435 276 2506 ditum
290 2435 510 2514 consulibus.
522 2436 813 2532 Quinqueremes
823 2434 867 2505 ad
878 2432 1044 2505 navium8
1058 2436 1222 2522 classem,

159 2571 238 2641 quae
253 2571 337 2621 cum
346 2550 385 2616 T.
401 2547 553 2618 Otacilio
567 2560 790 2643 propraetore
804 2546 844 2627 in
855 2544 974 2626 Sicilia
987 2560 1106 2634 erant,
1121 2546 1225 2641 quin·

159 2745 223 2808 vulg.
233 2746 249 2792 t.
259 2757 410 2794 armatorum
419 2761 443 2791 α.
450 2761 482 2791 ex
487 2743 582 2790 emend.
589 2746 667 2792 Gron.
711 2758 737 2790 se
750 2743 848 2790 censeri
857 2742 946 2801 doben
960 2743 1036 2791 urat.
1047 2770 1083 2780 -
1093 2743 1180 2793 Nostri
1192 2745 1224 2792 fc-

159 2826 257 2888 reposui
266 2826 291 2872 h.
304 2827 321 2872 l.
335 2836 360 2871 ec
370 2825 466 2880 XLIII,
481 2824 526 2880 18,
535 2838 560 2870 n.
569 2837 593 2869 α.
603 2822 668 2868 Lati·
712 2832 769 2868 runt
780 2821 857 2878 mille,
869 2822 957 2868 omissa
970 2837 1032 2868 voce
1044 2834 1088 2870 ter.
1100 2825 1145 2869 En.

132 2912 135 2917 '
159 2904 222 2950 nitas
242 2904 268 2950 id
290 2904 409 2967 postulat,
428 2902 542 2964 idemque
560 2899 669 2947 firmetur
748 2907 772 2954 4.
796 2887 927 2964 Minusque
951 2901 1088 2949 laxamenti
1109 2902 1224 2959 daretar3

159 2983 302 3030 auctoritate
319 2983 378 3031 edit.
392 2999 429 3046 pr.
443 2983 528 3038 XLII,
541 2980 588 3037 65,
601 2995 627 3025 n.
640 2979 669 3037 5,
713 2979 797 3025 confer
809 2979 841 3025 ed
851 2981 890 3038 11,
903 2987 950 3040 nt,
964 2996 988 3026 n.
1006 2987 1030 3034 4.

158 3072 184 3109 et
196 3062 314 3109 librorum
326 3063 388 3110 Mss
400 3061 464 3120 inira
481 3076 536 3123 cop.
555 3060 588 3113 45
608 3069 669 3105 extr.
750 3058 773 3106 5.
792 3059 844 3104 Uno
858 3070 957 3115 terrore,·
969 3057 1026 3105 vide
1043 3058 1075 3104 cd
1092 3057 1182 3106 librum
1191 3060 1224 3119 V,

159 3142 243 3197 XXV,
255 3142 296 3198 34,
307 3158 333 3188 n.
344 3149 375 3197 4,
387 3137 536 3197 ctXXVIl,
550 3139 594 3195 18,
605 3153 631 3184 n.
644 3137 669 3183 3.
714 3153 768 3200 cap.
779 3137 809 3194 5,
823 3153 848 3185 n.
860 3137 884 3184 5.

159 3219 292 3267 Siccontra
305 3221 393 3277 XLIV,
405 3227 429 3276 4,
442 3218 531 3265 dieitur
541 3231 548 3265 :
559 3209 669 3280 qai‘gra·
749 3218 774 3264 6.
786 3218 880 3262 Aurum
897 3227 920 3262 et
938 3214 1040 3282 (etiam)
1058 3232 1075 3262 a
1090 3215 1224 3264 civitatibus

159 3298 223 3344 vium
238 3315 362 3345 armenon
372 3309 449 3345 erant.
462 3297 544 3344 Possis
558 3306 582 3342 et
589 3295 669 3358 legere
714 3294 874 3359 quibasdam,
887 3305 947 3352 etc.;
961 3293 1017 3341 vide
1032 3310 1085 3358 cap.
1100 3296 1130 3341 32
1146 3306 1171 3342 ct
1182 3297 1224 3345 36.

160 3377 474 3424 levisarmataroeaaxilio.
494 3375 541 3423 Sed
554 3374 616 3422 illud
629 3373 671 3421 do-
714 3399 749 3410 -—
770 3372 884 3420 Gratiam
903 3372 939 3419 rei
956 3372 1078 3436 aecirrere,
1097 3372 1224 3422 voluntate
1246 3365 1250 3377 '

160 3455 223 3500 etius
243 3465 291 3512 est,
313 3467 337 3503 et
354 3456 448 3503 facilius
466 3456 500 3502 ita
520 3455 551 3503 ab
564 3452 671 3500 indoctis
714 3452 820 3515 benigue
836 3453 1002 3516 acquiescere,
1017 3467 1117 3513 eamque
1134 3463 1225 3515 grutem

160 3531 303 3578 hominibus
313 3534 536 3597 corrumpipotuit.
551 3535 589 3580 De
602 3532 671 3580 auxi·
715 3531 815 3591 habere,
834 3543 876 3579 aut
893 3531 1006 3579 laudibus
1028 3541 1127 3594 gratove
1143 3531 1224 3579 animo

160 3610 201 3657 liis
212 3611 318 3658 externis
332 3612 421 3658 levium
431 3608 554 3660 armorum
566 3612 593 3659 in
606 3628 672 3659 exer·
703 3610 838 3675 'prosequi

161 3691 212 3737 eitu
226 3693 299 3737 Rom.
310 3689 367 3736 vide
382 3690 461 3739 schel.
472 3690 504 3741 cd
512 3692 605 3757 Hygia.
614 3706 671 3754 pag.
752 3706 776 3750 7.
792 3687 1116 3754 Valentempropitiamque;
1129 3687 1185 3736 vide
1195 3686 1226 3736 aci

164 3771 239 3828 1037.
253 3796 289 3806 -
300 3769 370 3816 Mille
380 3769 562 3834 sagittariorum
567 3789 578 3828 ,·
589 3770 673 3818 confer
716 3772 741 3828 1,
755 3772 800 3827 16,
812 3785 838 3816 n.
849 3777 873 3825 4.

161 3849 287 3906 sttvltt,
301 3848 365 3906 613,
380 3864 412 3894 ex
430 3864 480 3911 quo
496 3850 613 3898 euadente
622 3851 672 3897 Ru·
753 3850 776 3896 8.
788 3847 936 3896 Adtraviam
945 3847 1044 3894 classem
1048 3845 1122 3904 ,wide
1130 3846 1162 3893 cd
1171 3862 1226 3912 etp.
1241 3882 1244 3887 »

161 3925 219 3972 ben.
236 3924 315 3975 Elect.
332 3929 372 3983 ΙΙ,
391 3927 435 3984 15,
453 3927 573 3988 conjicere
592 3928 672 3993 poscis
716 3928 764 3985 34,
774 3943 800 3974 n.
814 3928 838 3974 3.
851 3927 956 3974 Narium
969 3941 1096 3973 numerum
1108 3925 1226 3974 excidisse

163 4005 289 4062 termille,
303 4006 341 4053 vel
354 4007 438 4070 potius
454 4006 503 4074 tria
517 4007 610 4064 rillio,
625 4007 673 4057 nisi
716 4017 786 4071 putet
804 4007 881 4056 Gron.
894 4034 928 4046 -
942 4007 965 4054 a
979 4021 1051 4071 rep.,·
1065 4003 1123 4054 vide
1135 4005 1223 4073 cdvi,

162 4082 236 4130 Silius
244 4084 340 4133 licentia
349 4085 446 4150 poetica
454 4097 581 4135 mrum
595 4086 673 4134 nuxis·
716 4101 835 4146 unna.
