2782 4568
205 326 272 398 με
623 330 661 395 r.
694 330 832 396 Livii
1115 308 1235 418 33:323

202 447 338 522 castelli
353 448 588 546 oppugnandi
605 446 692 545 spe8
711 473 793 518 curn
810 446 992 543 equitibus
1009 473 1050 518 ac
1065 449 1134 520 levi
1152 475 1261 521 arma·

202 573 284 628 tura
299 555 482 655 profectus
496 557 694 644 Hannibal,
713 582 825 654 quum
842 557 1037 654 plurimum
1055 561 1092 628 in
1110 561 1260 630 celando

200 671 348 763 incepto
372 666 416 736 ad
443 665 610 737 effectum
637 669 714 765 spei
738 666 941 754 habuisset,
964 681 1070 737 nocte
1096 667 1260 757 adortus,

200 799 277 846 non
297 773 422 845 fefellit
436 775 570 872 vigiles.
591 780 726 846 Tantus
744 791 895 872 repente
915 776 1049 846 clamor
1067 791 1119 846 est
1140 777 1262 847 subla-

201 900 276 971 tus,
291 897 332 952 ut
346 884 532 954 Placentiae
546 909 695 981 quoque
708 885 911 956 audiretur:
928 887 1049 982 itaque
1063 885 1130 956 sub
1143 887 1263 957 lucem

201 1018 285 1064 cum
303 995 466 1088 equitatu
485 995 635 1064 consula
651 995 791 1083 aderat,
803 997 909 1090 jussis
926 997 1102 1092 quadrato
1122 999 1262 1093 agmine

201 1102 404 1200 legionibus
424 1107 536 1199 sequi.
555 1110 730 1201 Equestre
750 1107 909 1203 praelium
928 1107 1072 1176 interim
1092 1109 1263 1177 commis-

202 1240 308 1287 sum:
328 1216 366 1284 in
381 1239 472 1310 quc,
490 1217 575 1309 quia
594 1217 734 1286 saucius
755 1215 936 1286 Hannibal
955 1240 1074 1312 pugna
1093 1218 1262 1301 excessit,

202 1349 336 1422 pavore
355 1322 519 1394 hostibus
534 1325 686 1418 inject0,
698 1323 885 1396 defensum
901 1326 1041 1422 egregie
1058 1325 1264 1421 praesidium

183 1507 185 1511 ,
203 1448 268 1504 est.
284 1439 486 1504 Paucorum
501 1432 585 1503 inde
602 1433 743 1504 dierum
756 1438 878 1532 quiete
893 1449 1054 1533 sumpta,
1071 1449 1106 1506 et
1117 1434 1264 1505 vixdum

203 1545 287 1614 satis
311 1557 499 1640 percurato
522 1542 693 1632 vulnere,
722 1545 767 1615 ad
783 1547 1003 1616 Victumvias
1020 1557 1051 1589 ¹⁰
1072 1547 1123 1615 ire
1148 1545 1266 1641 pergit

203 1651 466 1750 oppugnandas
487 1679 495 1720 ε
522 1651 558 1722 id
578 1655 781 1748 emporium
798 1678 818 1723 a
837 1657 1007 1724 Romanis
1023 1655 1150 1750 gallico
1166 1645 1265 1724 bello

201 1761 319 1832 fuerat
341 1763 533 1831 munitum.
553 1760 641 1830 Inde
663 1762 783 1832 locum
801 1759 1116 1857 frequentaverant
1137 1762 1266 1834 accolae

203 1872 306 1940 mixti
325 1869 488 1966 undique
507 1895 551 1940 ex
566 1869 728 1940 finitimis
746 1870 906 1967 populis;
924 1884 959 1940 et
974 1884 1050 1938 tum
1071 1884 1185 1940 terror
1198 1894 1267 1966 po-

203 1981 437 2078 pulationum>
451 2004 494 2050 eo
514 1980 708 2078 plerosque
729 2005 772 2051 ex
788 1981 882 2076 agris
902 1979 1134 2076 compulerat.
1150 1979 1268 2072 Hujus

205 2092 345 2190 generis
357 2090 568 2179 multitudo,
584 2088 677 2160 fama
688 2085 839 2187 impigre
849 2088 986 2160 defensi
995 2089 1040 2159 ad
1051 2089 1267 2159 Placentiam

205 2261 254 2317 33,
267 2276 292 2307 n.
305 2260 335 2316 53
353 2261 445 2316 XXII,
458 2266 506 2318 49,
523 2258 621 2314 XXIV,
635 2271 678 2314 21,
690 2273 715 2304 n.
761 2257 824 2318 ejus,
840 2257 870 2304 ad
884 2256 945 2305 illud
954 2255 1121 2313 efficiendum,
1136 2266 1163 2302 ut
1173 2267 1268 2303 tantum

206 2338 235 2396 6,
243 2338 274 2384 al.
283 2336 398 2384 Similiter
397 2335 504 2402 firmare
506 2335 637 2398 presidia,
646 2333 716 2382 firma
760 2336 812 2399 spei
823 2335 910 2382 tabere
920 2336 956 2381 ad
963 2336 1092 2382 vivendum
1101 2334 1165 2396 apud
1175 2335 1225 2381 Cic.
1236 2334 1268 2380 ad

204 2415 333 2478 validaque
344 2413 456 2472 reddere,
472 2413 590 2459 collocare
602 2414 716 2469 XXXII,
761 2415 851 2469 Att.V,
869 2427 901 2458 ao
916 2428 957 2474 pr.
978 2414 1069 2458 Confer
1084 2413 1145 2458 infra
1158 2413 1268 2471 XXXV,

208 2502 254 2550 to,
268 2509 294 2538 n.
305 2500 334 2552 43
346 2494 442 2549 XLIII,
454 2506 501 2547 ao,
511 2507 536 2536 n.
546 2506 575 2546 α,
587 2491 676 2545 XLIV,
687 2491 715 2546 8,
761 2491 794 2536 26
805 2501 866 2537 extr.

206 2587 233 2619 n.
249 2584 275 2628 13
288 2570 354 2633 apud
366 2571 424 2616 Tac.
434 2571 502 2615 Anu.
514 2569 592 2624 XIII,
605 2575 652 2626 [μς
664 2568 716 2615 Vit.
796 2583 821 2629 9.
842 2568 931 2614 Consul
947 2568 1042 2615 aderat.
1058 2571 1096 2616 De
1110 2571 1137 2616 P.
1154 2568 1268 2632 Scipione

207 2648 289 2711 Agric.
302 2656 349 2708 ης
366 2657 389 2693 et
402 2645 515 2692 stationes
520 2644 627 2712 firmare
644 2661 717 2708 supra
759 2646 808 2692 hoc
820 2646 934 2709 intelligit
944 2647 1090 2705 Glareanus,
1103 2647 1193 2711 quippe
1205 2649 1269 2717 Sem·

208 2729 253 2785 tv,
263 2741 311 2785 273
320 2726 353 2783 V,
365 2725 406 2770 23.
418 2724 509 2771 Confer
518 2722 549 2770 ad
557 2726 596 2780 II,
607 2739 649 2781 ax,
660 2740 685 2770 n.
695 2739 715 2770 1.
760 2724 862 2787 pronius
874 2727 976 2771 Romam
995 2725 1027 2770 ad
1043 2725 1153 2771 habenda
1170 2726 1268 2772 comitia

208 2806 246 2853 De
255 2805 297 2862 iis,
307 2819 361 2866 qnae
373 2818 431 2849 mox
441 2812 465 2849 et
475 2818 528 2865 cap.
540 2803 661 2861 LXVIII,
671 2803 717 2863 59,
761 2803 885 2866 profectus
897 2814 955 2850 erat.
970 2803 1088 2851 Caeterum
1100 2805 1212 2862 miratur,
1225 2816 1269 2850 cur

208 2883 350 2940 traduntur,
363 2881 424 2928 nihil
439 2881 504 2944 apud
514 2879 602 2944 Polyb.
761 2882 860 2940 consul,
873 2898 948 2944 quum
960 2882 1000 2928 hic
1012 2882 1143 2928 Hannibali
1154 2882 1270 2929 occurris·
1333 2912 1336 2917 <
1354 2912 1356 2917 ·

246 2964 269 3009 8.
291 2961 350 3027 Ejus
371 2958 464 3007 castelli
487 2959 646 3023 oppugnandi
662 2976 718 3023 spe,·
762 2960 1270 3024 set,egregiequelocumdefendisset,uon

208 3043 284 3090 Immo
301 3038 460 3104 expugnandi
472 3056 482 3085 .·
494 3054 550 3085 nam
567 3038 636 3084 facile
659 3039 719 3101 quid
762 3040 793 3086 ad
812 3039 964 3086 Victumvias
982 3055 1079 3102 quoque
1096 3039 1220 3086 adfuerit:
1238 3055 1271 3086 an

209 3130 377 3185 oppugnatur,
387 3117 429 3165 sed
439 3117 587 3180 expugnatio
593 3129 719 3179 speratum
763 3119 819 3180 quia
837 3117 968 3164 multitudo
984 3130 1073 3165 temere
1086 3117 1121 3164 ibi
1134 3118 1220 3179 egerit,
1242 3129 1271 3164 nt

208 3201 285 3247 Paria.
305 3197 396 3246 Confer
415 3197 473 3254 XL,
492 3197 533 3255 31,
547 3196 592 3253 33,
614 3204 656 3254 47,
677 3196 716 3243 50.
760 3197 891 3244 verisImile
906 3198 959 3245 est?
976 3214 1007 3244 an
1027 3196 1082 3259 quia
1102 3195 1202 3243 historia
1217 3211 1270 3242 non

210 3271 282 3324 Forte
292 3292 341 3324 vox
350 3291 403 3340 spe,
415 3290 468 3338 quae
478 3289 536 3321 mox
545 3273 718 3321 haudvenuste
763 3277 878 3324 omnibus
891 3293 947 3322 vera
959 3275 1062 3334 credita,
1073 3275 1164 3338 quippe
1176 3290 1228 3321 non
1239 3274 1270 3321 ab

211 3352 719 3419 repetitur,eglossairrepsit;saltemab·
760 3355 877 3402 omnibus
902 3356 1008 3420 scripta,
1032 3353 1104 3401 etiam
1128 3370 1142 3400 a
1164 3352 1271 3416 Polybio

210 3449 262 3481 esse
271 3444 363 3497 potest;
384 3431 481 3479 vidend
494 3433 544 3489 III,
559 3432 601 3489 56,
612 3449 638 3480 n.
651 3441 674 3486 4.
685 3458 719 3467 -
764 3424 864 3490 omissa,
879 3442 905 3478 ut
922 3449 976 3495 quae
992 3432 1141 3480 luculentum
1157 3433 1272 3479 damnum

212 3512 291 3574 Quum
296 3510 429 3575 plurimum
439 3510 463 3556 in
473 3511 574 3558 celando
585 3509 678 3572 incepto
685 3509 722 3556 ad
764 3511 870 3558 romanis
880 3510 952 3557 rebus
961 3511 1085 3560 attulerit?
1094 3511 1168 3574 Quod
1178 3510 1208 3557 ad
1217 3526 1272 3556 con·

211 3590 322 3655 effetum
332 3589 384 3653 spei
397 3588 531 3644 habuisset,
546 3588 665 3650 eleganter
674 3603 720 3651 pro
763 3590 838 3635 sulem
855 3589 953 3645 attinet,
976 3589 1040 3637 malo
1060 3591 1193 3654 intelligere
1206 3591 1272 3635 Sem-

211 3658 306 3731 vulgari
320 3682 327 3716 :
341 3683 415 3730 quum
428 3666 530 3713 consilia
543 3681 585 3712 sua
599 3667 718 3713 occultari·
764 3667 892 3730 pronIum;
907 3683 962 3713 nam
971 3684 1043 3732 supra
1057 3669 1149 3716 dictum
1159 3679 1207 3723 est,
1217 3683 1274 3714 eum

212 3744 247 3792 'do
259 3762 284 3792 se
297 3746 429 3809 plurImum
444 3744 587 3792 effecturum
601 3761 652 3791 esse
666 3761 720 3808 spe·
764 3756 821 3808 post
832 3745 930 3792 comitia
945 3748 1115 3794 conaulariain
1124 3747 1224 3792 hiberna
1238 3762 1274 3794 re-

215 3834 303 3881 raaaet;
311 3827 385 3870 Doer.
396 3824 520 3871 Sententia
529 3834 564 3871 est
575 3823 659 3881 obvia,
670 3833 721 3871 non
765 3824 846 3871 diisse.
856 3825 901 3870 En.
908 3851 943 3859 —
953 3826 1081 3887 Quadrato
1092 3823 1188 3887 agmine
1192 3842 1202 3881 ;
1215 3825 1274 3872 vide

214 3914 274 3946 vero
287 3901 418 3963 elegantia3
434 3903 485 3949 aive
494 3903 580 3965 jungas
589 3903 720 3966 plurimum
765 3902 796 3949 ad
805 3904 845 3962 II,
861 3903 890 3959 6,
904 3919 928 3949 n.
940 3905 964 3950 3.

216 3975 348 4034 habuisset,
363 3981 414 4026 sive
420 3981 552 4042 plurimum
566 3981 617 4042 spei
625 3980 721 4026 labaris-
804 3995 843 4028 ιο,
858 3981 901 4027 Ad
913 3980 1075 4038 Victumvias;
1088 3979 1139 4030 vid.
1154 3996 1226 4045 supra
1243 3980 1272 4026 ad

211 4066 251 4116 ¹set
274 4055 424 4121 (posuisset)
446 4057 470 4103 in
486 4073 509 4106 c.
526 4058 541 4107 i.
562 4059 599 4105 ad
613 4056 723 4123 effictum
767 4074 819 4122 cap.
831 4059 878 4119 45,
893 4076 916 4107 n.
928 4074 949 4106 1.
