2782 4568
199 283 270 367 «ts
625 284 664 347 ι.
698 282 839 350 siv-11
1122 266 1260 366 ntea:

200 435 216 468 «
230 405 288 474 die
298 415 359 473 aut
369 414 502 488 vestm,
514 414 576 470 aut
585 403 833 473 Hennensium
844 403 1017 499 sanguine
1027 407 1161 475 Henna
1174 408 1286 478 inun-

199 545 216 581 «
230 513 385 585 dabitur.
396 514 428 582 N
430 536 470 583 ec
483 513 746 610 preoccupati2
757 538 858 612 spem
873 514 1000 596 ullam,
1011 540 1079 586 nec
1091 541 1287 615 occupan-

198 656 215 692 «
229 641 282 697 tes
298 623 447 722 periculi
461 622 661 720 quidquam
675 622 855 695 habebitis
867 653 874 695 :
887 627 949 721 qui
967 627 1067 723 prior
1084 628 1286 700 strinxerit

199 767 216 802 «
230 733 385 821 ferrum,
400 733 478 827 ejus
494 735 642 803 victoria
656 736 735 804 erit.
753 737 889 804 Intenti
903 760 990 832 ergo
1005 761 1135 808 omnes
1154 763 1284 810 arma-

201 877 217 911 «
231 847 333 941 tique
350 848 494 941 signum
511 843 774 941 exspectabitis.
792 850 867 943 Ego
885 846 1115 918 inconcione
1134 874 1227 938 er03
1247 866 1285 922 et

200 986 216 1021 «
231 970 391 1052 tempus,
408 954 529 1050 quoad
545 956 665 1025 omnia
680 957 855 1027 instructa
868 958 954 1046 sint,
970 957 1161 1054 loquendo
1175 961 1285 1033 alter·

200 1096 217 1131 «
232 1064 423 1161 candoque
445 1064 593 1134 trabam.
609 1069 732 1155 Quum
752 1083 834 1165 toga
854 1069 997 1166 signum
1019 1068 1177 1155 dedero,
1196 1087 1283 1142 tum

200 1207 219 1241 ιι
232 1175 321 1245 mihi
341 1173 504 1271 undique
523 1175 680 1247 clamore
701 1175 844 1248 sublato
858 1177 1002 1249 turbam
1019 1179 1181 1251 invadite
1192 1176 1224 1268 3,
1241 1205 1285 1252 ac

200 1317 217 1351 «
231 1287 381 1357 sternite
401 1286 522 1357 omnia
537 1283 656 1374 ferr03
676 1300 712 1357 et
727 1302 867 1375 cavete,
887 1290 1078 1386 quisquam
1093 1291 1283 1386 supersit,

200 1428 217 1463 α
231 1422 251 1467 a
271 1394 405 1493 quibus
421 1397 567 1484 antris,
587 1411 649 1467 aut
668 1396 764 1469 fraus
784 1398 902 1469 timeri
921 1400 1042 1496 possit.
1055 1402 1149 1485 Vos,
1164 1404 1284 1470 Ceres

202 1539 219 1573 «
232 1521 347 1577 mater
360 1530 401 1575 ac
416 1507 630 1603 Proserpina
641 1509 668 1595 l,
684 1531 832 1603 precor,
850 1508 968 1578 caeteri
985 1506 1105 1601 superi
1122 1503 1282 1575 inferni·

200 1649 217 1682 «
231 1643 303 1713 que
313 1616 381 1703 dii,
395 1617 460 1712 qui
470 1616 564 1686 hanc
577 1614 724 1701 urbem,
739 1615 805 1684 hos
819 1627 975 1684 sacratos
988 1612 1083 1683 lacus
1093 1613 1282 1710 lucosque
1294 1638 1302 1647 ’

200 1727 369 1814 «colitis,
387 1740 429 1796 ut
448 1728 497 1796 ita
517 1725 624 1796 nobis
644 1725 808 1795 volentes
831 1723 977 1820 propitii
995 1721 1118 1792 adsitis
1127 1719 1152 1808 ⁵,
1176 1727 1210 1793 si
1226 1725 1280 1793 vi-

201 1867 217 1902 «
231 1837 367 1921 tandae,
386 1859 461 1904 non
482 1832 636 1905 ferendae
657 1832 792 1904 fraudis
810 1856 915 1904 causa
934 1831 1005 1904 hoe
1019 1832 1160 1903 consilii
1184 1834 1281 1931 capi-

202 1977 218 2012 «
233 1971 324 2014 mus.
342 1944 509 2016 Pluribus
523 1968 608 2032 vos,
626 1943 773 2031 milites,
787 1943 968 2031 hortarer,
982 1944 1011 2014 si
1029 1965 1110 2013 cum
1127 1944 1279 2015 armatis

202 2085 220 2121 «
234 2056 415 2126 dimicatio
423 2052 544 2125 futura
552 2070 660 2126 esset:
672 2055 1009 2141 inermes,iucautos
1016 2052 1061 2123 ad
1069 2054 1278 2126 satietatem

202 2197 220 2233 «
235 2164 469 2237 trucidabitis.
490 2168 534 2234 Et
555 2164 712 2236 consulis
738 2177 852 2235 castra
874 2165 912 2234 in
934 2165 1144 2262 propinquo
1167 2180 1277 2250 sunt,

202 2307 219 2342 «
232 2302 279 2347 ne
305 2275 393 2372 quid
416 2272 462 2345 ab
487 2275 689 2346 Himilcone
715 2289 750 2345 et
773 2272 1129 2372 Carthaginiensibus
1152 2277 1277 2348 timeri

203 2387 359 2485 «possit.
380 2416 397 2452 n

252 2500 414 2566 XXXIX.
440 2493 494 2565 Ab
516 2493 583 2564 hac
604 2492 854 2565 adhortatione
875 2494 1012 2566 dimissi
1032 2518 1189 2592 corpora
1211 2522 1277 2568 cu·

203 2618 296 2674 rant.
315 2609 464 2674 Postero
484 2602 542 2673 die
559 2602 619 2672 alii
637 2603 713 2674 aliis
726 2603 831 2693 loeis,
846 2604 891 2675 ad
905 2603 1124 2677 obsidenda¹
1141 2607 1278 2678 itinera

203 2798 278 2829 unam
291 2797 354 2845 segre
367 2781 403 2828 ad
414 2781 599 2829 consultandum
610 2783 713 2847 sampsi,
758 2785 784 2831 ln
798 2783 853 2832 Cer.
867 2800 891 2831 v.
904 2799 932 2846 9,
946 2785 985 2843 15,
1001 2785 1046 2843 313
1060 2785 1124 2849 inps.
1139 2784 1277 2835 cietur.

204 2860 358 2924 efflagitatam
368 2861 459 2925 accepi.
479 2862 568 2910 Confer
581 2863 612 2910 ad
624 2862 714 2910 librum
758 2865 864 2922 1v‚i,a;
883 2874 908 2911 et
918 2864 951 2919 V,
968 2880 1013 2923 ιι,
1033 2863 1076 2911 ubi
1094 2865 1169 2912 etiam
1190 2866 1279 2914 eadem

203 2941 243 2999 11,
258 2948 287 2999 4,
300 2956 326 2989 n.
340 2957 365 2987 a.
759 2943 809 2989 fere
820 2943 894 2991 verba
906 2942 1036 3006 leguntur:
1049 2959 1094 2990 vos
1109 2942 1187 2990 etiam
1201 2956 1280 3008 atque

240 3036 264 3068 n.
287 3020 339 3067 Nec
357 3020 542 3084 praeoccupati,
569 3020 665 3067 insidiis
691 3033 715 3068 et
758 3022 832 3069 etiam
846 3022 948 3085 imploro
963 3033 1037 3085 atque
1048 3022 1160 3085 appello,
1175 3023 1281 3071 sanctis·

203 3100 287 3148 fraude
300 3101 370 3164 pilus
381 3101 471 3164 petiti,
483 3117 548 3164 spem
562 3101 637 3147 ullam
644 3135 651 3158 ,
672 3117 715 3147 nec
758 3101 826 3148 simae
836 3101 905 3158 dece,
923 3117 979 3164 quae
989 3100 1043 3148 illos
1055 3102 1199 3150 Hennenses
1209 3104 1279 3151 lacus

205 3191 363 3244 occupantes,
386 3180 454 3243 prius
477 3190 604 3243 petentes,
622 3195 715 3243 praeve·
760 3181 873 3243 lucosque
889 3179 975 3227 colitis.
990 3207 1025 3215 -
1040 3178 1097 3235 Dii,
1116 3180 1161 3243 qui
1174 3182 1277 3238 «orbem,

203 3259 310 3316 aientes,
319 3257 424 3322 periculi
435 3257 569 3322 quidquam
583 3257 714 3315 natatum
760 3259 828 3305 lacus
840 3259 953 3323 Inoosque
962 3257 1055 3315 colitis;
1065 3257 1116 3304 vid.
1124 3257 1157 3304 ad
1166 3261 1280 3319 XXXI,

205 3338 270 3384 conf.
281 3337 312 3383 «a
322 3340 347 3409 ι,
361 3338 713 3396 1«,«.3,etxxw‚7,n.6,
759 3322 841 3398 sos«.
852 3346 876 3393 t.

239 3417 262 3463 3.
280 3417 339 3462 Tum
352 3415 412 3462 mitt
416 3449 475 3464 .....
482 3416 578 3463 turbam
591 3415 696 3464 invadite
702 3434 713 3472 ;
796 3417 819 3464 5.
832 3418 863 3462 Ut
872 3415 908 3463 ita
919 3415 987 3462 nobis
998 3416 1108 3463 volentes
1114 3417 1227 3480 propitii
1232 3419 1281 3466 ad-

205 3495 305 3543 vidend
318 3495 386 3542 Praef.
398 3506 450 3543 not.
463 3510 503 3543 12.
759 3496 823 3552 sitis,
837 3495 873 3552 si;
885 3494 944 3551 ¹vide
959 3494 990 3542 ad
1006 3496 1034 3552 Ι,
1052 3495 1081 3552 8,
1099 3511 1126 3540 ιι.
1140 3510 1151 3539 1
1164 3512 1172 3553 ;
1188 3499 1215 3555 Ι,
1233 3512 1281 3556 12,

240 3584 264 3631 4.
279 3576 347 3623 Ceres
358 3587 474 3624 materne
487 3575 648 3638 Proserpina,
666 3575 717 3637 qui
760 3593 785 3622 ιι.
804 3576 835 3631 6,
853 3586 878 3622 et
898 3577 925 3632 I,
946 3575 994 3632 16,
1012 3591 1037 3621 n.
1058 3580 1081 3628 4.
1102 3600 1136 3610 —-
1157 3577 1281 3624 Ferendoe

204 3657 250 3702 bus
262 3671 328 3702 sacra
342 3666 392 3701 erat
406 3655 504 3711 Henna,
518 3670 597 3718 prope
607 3670 679 3718 qnam
689 3654 715 3700 in
752 3654 855 3720 fraudis
862 3674 873 3711 ,·
886 3653 942 3702 vide
954 3654 985 3701 ad
999 3657 1051 3712 111,
1063 3653 1097 3700 25
1103 3689 1111 3711 ,
1122 3670 1148 3701 n.
1161 3663 1187 3709 4.

203 3746 289 3798 prato,
299 3734 397 3782 lacubus
412 3732 517 3796 lucisque
532 3733 626 3792 cincto,
638 3733 676 3780 vel
688 3733 716 3779 in
795 3735 855 3782 Csr.
865 3734 989 3780 XXXIX.
1000 3748 1021 3778 1.
1035 3732 1080 3779 Ad
1088 3732 1230 3781 obsidenda
1239 3734 1283 3783 iti-

205 3829 304 3860 nemore
317 3825 341 3861 et
350 3829 394 3876 per
405 3811 545 3876 speluncam
557 3798 624 3876 rapta
638 3829 651 3859 ι
664 3815 717 3863 Plu·
760 3811 1021 3876 nero...oppositi:ita
1030 3811 1092 3859 MSS
1101 3812 1283 3876 pmbbDrak.

204 3903 263 3939 tone
273 3893 416 3940 credebatur
423 3892 574 3957 Proserpina.
583 3894 654 3941 Conf.
664 3910 716 3958 cap.
761 3903 785 3939 et
797 3891 888 3938 Stroth.
900 3888 939 3940 cf.
952 3891 984 3938 ad
995 3893 1033 3948 X,
1051 3891 1096 3946 36,
1111 3907 1135 3937 n.
1146 3892 1177 3949 33
1192 3894 1283 3952 XXV,

206 3986 256 4033 seq.
270 3972 414 4028 Diodor.V,
427 3973 456 4029 3;
471 3973 554 4036 Intpp.
569 3971 642 4019 Ovid.
655 3975 716 4020 Met.
764 3970 810 4028 15;
825 3972 928 4029 XXIX,
946 3972 993 4026 34,
1006 3987 1031 4016 n.
1044 3970 1059 4017 5
1066 3985 1074 4032 ;
1090 3973 1177 4034 Intpp.
1187 3973 1284 4036 virgil.

206 4050 238 4108 V,
248 4050 296 4096 385
305 4050 476 4113 sq.Spanhem.
484 4051 516 4096 ad
525 4051 617 4098 Gallim.
624 4053 716 4114 Hymn.
760 4051 815 4097 AEn.
828 4051 867 4109 ΙΙ,
884 4052 941 4099 333,
961 4048 1094 4115 Oppidanis
1108 4065 1155 4112 pro
1171 4052 1287 4115 oppositi
