2782 4568
189 331 312 446 atat:
366 355 851 439 Linstx111.·car.
884 355 1022 422 xilv.
1153 351 1222 426 355·

163 498 200 544 se
215 473 362 543 tuendos
375 479 573 559 venr'ssent,
594 480 720 542 omnia
734 475 848 544 sibiet
865 499 940 544 esse
955 476 1175 563 consociata,
1192 494 1227 548 et
1258 479 1274 501 ⁵

164 584 216 653 ad
226 582 495 668 ultunmnfore.
515 587 591 652 Hoc
609 582 830 678 colloquium
847 582 995 653 abstulit
1013 610 1114 681 spem
1128 591 1225 656 Han·
1292 597 1295 601 '

163 692 276 763 nibali
298 718 363 789 per
385 679 630 787 'proditionem
649 692 862 788 recipiendae
880 693 1000 763 Nolae:
1018 696 1225 793 itaque'op-

163 803 288 901 pidum
311 826 446 872 corona
471 801 725 888 circumdedit,
747 816 788 871 ut
811 802 915 872 simul
937 803 981 873 ab
1002 807 1102 874 omni
1123 802 1225 902 parte

163 914 296 984 moenia
310 912 576 1009 aggrederetur.
595 915 712 1000 Quem
727 926 768 981 ut
783 915 992 984 successisse
1009 917 1120 985 muris
1136 920 1226 986 Mar·

163 1023 273 1093 cellus
290 1023 397 1108 vidit,
416 1024 589 1092 instructa
608 1024 701 1091 intra
711 1036 862 1118 ,portam
881 1025 972 1109 acie,
991 1046 1073 1092 cum
1093 1049 1224 1121 magno

163 1135 322 1204 tumultu
331 1134 467 1230 erupit:
483 1133 620 1229 aliquot
631 1133 747 1228 primo
757 1134 894 1228 impetu
905 1134 1059 1228 perculsi
1071 1137 1224 1232 caesique
1293 1140 1296 1145 ’

162 1257 265 1330 sunt;
280 1242 383 1329 dein,
400 1266 579 1312 concursu
591 1241 636 1311 ad
653 1255 855 1337 pugnantes
872 1239 984 1330 facto,
1004 1246 1224 1340 aequatisque

162 1350 314 1438 viribus,
329 1366 432 1421 atrox
445 1353 555 1448 coepit
567 1376 643 1435 esse
660 1375 792 1447 pugna.
803 1351 1118 1450 Memorabilisque
1131 1356 1227 1426 inter

163 1485 294 1557 paucas
315 1459 461 1549 fuisset,
482 1463 520 1531 ni
537 1460 932 1559 ingentibusprocellis
955 1460 1099 1534 effusus·
1109 1463 1241 1538 imber

163 1570 363 1649 diremisset
375 1586 587 1668 pugnantes.
600 1577 653 1642 Eo
668 1571 741 1659 die,
755 1573 946 1643 commisso
960 1574 1103 1645 modico
1116 1590 1226 1647 certa·
1325 1658 1327 1665 ¹

162 1681 275 1768 mine,
292 1694 400 1776 atque
418 1682 563 1751 irritatis
578 1682 722 1767 animis,
737 1682 775 1751 in
792 1681 921 1752 urbem
936 1686 1104 1769 Romani,
1124 1689 1225 1757 Poeni

163 1791 200 1858 in
212 1803 325 1860 castra
338 1792 665 1887 sese'receperunt:
682 1805 802 1862 tamen
813 1797 1006 1863 Poenorum
1020 1797 1135 1891 prima
1148 1823 1226 1868 eru·
1294 1828 1297 1832 ’

163 1903 288 1997 ptione
307 1901 461 1997 perculsi
485 1902 692 1971 ceciderunt
711 1900 808 1972 haud
831 1904 1039 1998 plusquam
1059 1907 1224 2002 triginta,

162 2015 408 2080 Romanorum
422 2009 564 2080 nullus.
595 2008 716 2079 Imber
741 2012 959 2081 continens²
985 2037 1052 2108 per
1079 2025 1224 2085 noctem

163 2135 274 2191 totam
289 2112 404 2217 usque
419 2118 464 2189 ad
479 2118 606 2188 horam
616 2121 758 2190 tertiam
768 2120 840 2189 diei
854 2121 1078 2217 insequentis
1089 2126 1223 2196 tenuit:

160 2231 295 2328 itaque,
304 2250 513 2329 quanquam
521 2244 675 2327 utraque
684 2255 765 2328 pars
773 2231 867 2301 avidi
875 2234 1079 2303 certaminis
1087 2233 1223 2324 erant‘3,

162 2366 205 2411 eo
222 2343 279 2413 die
297 2356 494 2413 tenuerunt
510 2366 586 2412 sese
603 2355 723 2412 tamen
742 2343 985 2413 munimentis.
1003 2345 1123 2414 Tertio
1145 2345 1222 2434 die,
1308 2340 1309 2345 ἵ

162 2451 343 2522 Hannibal
361 2467 499 2549 partem
516 2453 700 2548 copiarum
715 2451 914 2548 praedatum
933 2453 969 2520 in
985 2476 1111 2549 agrum
1125 2456 1224 2525 uola-
1290 2472 1293 2477 '

162 2587 250 2630 num
261 2560 485 2650 misitQuod
493 2561 556 2632 ubi
565 2561 815 2632 animadvertit
823 2562 1028 2648 Marcellus,
1040 2565 1222 2660 extemplo

161 2673 199 2739 in
222 2673 333 2753 aciem
353 2673 473 2766 copias
494 2671 644 2740 eduxit:
664 2696 783 2768 neque
804 2673 983 2743 Hannibal
1001 2664 1228 2746 detrectavit
1289 2675 1294 2696 ²
1353 2746 1356 2755 ,

160 2781 258 2852 Mille
278 2780 351 2850 fere
371 2805 540 2876 passuum
562 2782 657 2851 inter
675 2780 805 2859 urbem
822 2797 925 2852 erant
944 2797 1129 2877 castraque
1149 2811 1156 2852 :
1178 2809 1223 2854 eo
1288 2794 1292 2800 '

161 2892 277 2986 spatio
292 2890 349 2984 (et
364 2905 448 2960 sunt
463 2891 582 2959 omnia
597 2891 714 2987 campi
732 2891 826 2962 cirea
839 2890 1014 2986 Nolami)
1030 2916 1224 2965 concurre·
1290 2964 1293 2969 .

161 3102 196 3110 —
213 3075 364 3138 liecae'piendae
382 3074 462 3120 Notae.
479 3071 574 3119 Primus
590 3071 668 3118 Aldus
713 3070 865 3126 tenuit;vid.
873 3070 904 3117 ad
917 3071 1025 3127 11‚3‚n.
1032 3069 1138 3117 6.Verba
1148 3085 1222 3132 praec.

160 3154 228 3201 dedit
244 3153 400 3217 recipiendae,
416 3150 596 3215 quampriores
611 3149 667 3196 edd.
712 3151 747 3197 ita
758 3148 896 3195 emendavit
909 3149 986 3195 Gron.
1000 3147 1069 3193 laud
1075 3148 1132 3209 plus
1150 3165 1225 3211 qnam

159 3233 309 3296 accuriendae
333 3232 483 3280 exhiberent.
510 3231 565 3276 Hoc
588 3228 669 3275 mallet
713 3227 819 3282 trecenti,
829 3227 934 3273 Romani
939 3225 1223 3290 velliomanorumquin·

161 3312 308 3371 Glareanus,
329 3313 384 3376 quia
406 3308 541 3367 Hannibal,
562 3325 589 3354 ea
606 3325 668 3355 nun·
713 3306 903 3371 quagintaNffl
911 3306 991 3352 nullm
1000 3305 1067 3351 abest
1079 3304 1110 3351 ab
1124 3305 1223 3368 optimis

161 3406 233 3452 quam
244 3404 312 3440 antea
323 3395 429 3456 potitus,
440 3388 668 3451 amissamrecipere
712 3388 787 3444 MSS,
797 3395 821 3431 et
834 3386 887 3432 Put.
897 3383 970 3431 babet
980 3383 1086 3437 Romani
1094 3383 1176 3442 Liber,
1192 3385 1221 3432 h.
1249 3416 1260 3439 s
1275 3408 1279 3415 ¹

160 3483 211 3514 non
226 3481 329 3532 poterat.
344 3470 405 3527 Sed,
420 3481 447 3517 ut
462 3479 532 3516 notat
545 3466 667 3514 Drakenb.
713 3481 734 3512 e.
745 3462 850 3510 Rotnani
862 3464 889 3509 L.
901 3463 992 3518 imber,
1006 3473 1052 3517 etc.

160 3546 192 3592 ad
205 3547 270 3593 hunc
280 3550 295 3594 J
298 3550 371 3595 ustini
381 3550 462 3596 locum
469 3550 504 3604 V,
520 3555 535 3602 4
546 3561 552 3594 :
562 3546 669 3592 «Victor
750 3544 772 3590 3.
783 3545 892 3604 Utraque
895 3558 957 3605 pars
967 3540 1035 3588 avidi
1043 3556 1063 3586 c.
1074 3551 1158 3596 eram
1166 3541 1222 3589 vide

160 3626 247 3690 recipit
257 3627 366 3674 civitates
376 3644 429 3689 quae
441 3627 593 3682 defecerant,
603 3641 667 3672 uon·
712 3623 741 3670 ad
752 3624 763 3667 I
769 3655 776 3679 ,
788 3630 830 3678 41,
841 3638 866 3668 n.
877 3637 899 3666 r.
909 3622 970 3667 Mox
980 3619 1060 3664 educit
1068 3621 1135 3665 solus
1145 3620 1220 3669 Drak.

159 3705 237 3751 nullas
253 3705 330 3768 capit,
349 3717 394 3752 etc.
409 3728 436 3762 »,
454 3707 515 3753 male
534 3706 667 3754 Glareanus
711 3701 778 3748 nulla
788 3700 872 3746 addita
880 3699 998 3746 librorum
1008 3698 1162 3754 auctoritate;
1174 3701 1221 3753 Str.
1267 3718 1272 3726 ’

159 3783 278 3842 credidit,
302 3782 406 3846 recipere
422 3799 516 3847 semper
540 3785 600 3847 poni
621 3798 667 3846 pro
712 3806 747 3815 -
764 3779 832 3826 Mille
845 3776 902 3841 fere
920 3791 1037 3839 passuum
1058 3777 1120 3822 inter
1140 3777 1222 3823 urbem

159 3861 246 3908 iterum
255 3861 379 3924 accipere,
393 3877 468 3924 quum
481 3878 546 3926 saepe
555 3877 601 3925 pro
611 3863 667 3908 sim·
712 3867 929 3918 eraaecastraque,
940 3855 1003 3900 forte
1006 3869 1094 3916 passus
1104 3866 1145 3901 aut
1153 3866 1208 3902 erat
1212 3889 1220 3912 ,

159 3939 218 4004 plici
235 3955 322 4002 capere
338 3951 475 4003 usurpetur.
491 3943 536 3987 En.
550 3968 585 3976 -
596 3940 668 4005 Oppi·
711 3937 758 3985 nisi
774 3952 829 3982 eum
847 3932 1220 3996 Gronoviusubintelligendum

160 4017 216 4063 dum
229 4033 322 4065 corona
335 4017 572 4078 circ.;vide11,17,
586 4035 612 4065 n.
624 4020 648 4065 3.
710 4027 782 4082 putes
798 4013 879 4078 campi
884 4031 895 4071 ,·
907 4015 964 4061 Ern.

193 4112 218 4144 a.
234 4098 315 4145 Imber
329 4097 464 4153 continens,
478 4097 634 4157 couu‘nuus„
646 4129 665 4147 ..
748 4103 771 4150 t.
783 4094 817 4141 Ee
830 4103 887 4141 suut
898 4090 981 4140 emnia
994 4091 1076 4156 campi
1091 4091 1158 4140 eirca
1172 4091 1221 4139 No·

983 4176 1045 4253 23,
