2782 4568
162 325 231 400 358
569 334 605 399 r.
638 334 778 402 mvn
1073 310 1205 423 ὓῖὲῑὲἑζῑ

207 455 329 521 XLVI.
358 455 432 522 Nec
455 450 572 540 bene,
597 477 664 522 nec
691 452 784 522 male
810 450 904 520 dicta
929 445 1150 546 profuerunt
1183 447 1231 519 ad

159 560 427 658 confirmandos
440 561 588 632 animos.
603 567 726 654 Quum
745 562 845 631 omni
864 573 965 657 parte
980 549 1229 656 pellerentur,

158 674 400 767 Romanisque
423 686 624 742 crescerent
649 673 776 761 animi,
800 696 876 741 non
900 671 991 740 duce
1017 669 1136 740 solum
1161 669 1227 740 ad-

158 783 348 867 hortante,
374 780 436 850 sed
457 781 604 852 Nolanis
628 782 735 852 etiam
760 805 825 878 per
847 780 1064 865 clamorem,
1090 765 1227 866 favforis

157 891 335 977 indicem,
355 889 634 960 accendentibus
652 889 817 960 ardorem
836 912 982 985 pugnae3
1005 900 1105 983 terga
1119 887 1226 988 Poeni

158 1001 359 1093 dederunt,
383 1015 492 1096 atque
517 1001 555 1068 in
581 1015 694 1070 castra
719 999 894 1096 compulsi
918 1011 1027 1068 sunt:
1050 1021 1131 1093 quae
1154 1020 1226 1093 op-

87 1200 90 1204 ,
113 1188 115 1193 ,
157 1136 320 1210 pugnare
339 1112 525 1208 cupientes
547 1110 678 1181 milites
697 1134 867 1180 romanos
885 1107 1076 1178 Marcellus
1094 1107 1226 1195 Nolam

157 1223 315 1307 reduxit,
330 1246 412 1292 curn
429 1246 561 1317 magno
579 1221 709 1318 gaudio
724 1236 760 1292 et
775 1220 1012 1318 gratulatione
1028 1219 1136 1288 etiam
1152 1216 1225 1314 ple·
1247 1265 1251 1271 -

157 1331 235 1417 bis,
255 1356 334 1427 quac
356 1346 438 1431 ante
463 1331 667 1399 inclinatior
692 1330 737 1398 ad
759 1336 889 1400 Poenos
908 1327 1033 1399 fuerat.
1054 1329 1224 1425 Hostium

160 1442 263 1540 plus¹
284 1441 447 1536 quinque
462 1439 571 1508 millia
586 1463 673 1509 caesa
689 1463 732 1508 eo
748 1437 825 1524 die,
843 1439 915 1505 vivi
932 1439 1026 1535 capti
1045 1437 1223 1525 sexcenti,

160 1566 197 1622 et
216 1553 316 1646 signa
329 1549 495 1618 militaria
511 1547 751 1645 undeviginti,
767 1562 803 1617 et
821 1547 894 1616 duo
913 1547 1115 1643 elephanti:
1133 1571 1223 1642 qua·

158 1675 244 1731 tuor
255 1663 294 1729 in
308 1661 383 1729 acie
398 1659 515 1729 occisi.
530 1663 777 1740 Romanorum
791 1658 910 1725 minus
923 1657 1019 1726 mille
1031 1655 1222 1726 interlecti.

160 1776 350 1857 Posternm
369 1768 481 1856 diem,
498 1767 651 1838 induciis
667 1769 800 1851 tacitis,
815 1767 1024 1864 sepeliendo
1040 1768 1226 1864 utrimque

159 1904 268 1950 caesos
284 1881 321 1947 in
340 1880 431 1964 acie,
447 1893 759 1974 consumpserunt.
772 1878 892 1973 Spolia
907 1877 1064 1971 hostiurn
1077 1877 1225 1972 Marcel·

158 1988 238 2074 lus,
257 1987 421 2058 Vulcano
444 2002 591 2073 votum,
616 1989 793 2057 cremavit.
818 1989 938 2058 Tertio
961 2000 1042 2083 post
1069 1985 1127 2056 die
1149 1986 1224 2082 (ob

157 2101 249 2169 iram
269 2097 379 2168 credo
398 2098 575 2193 aliquam,
595 2111 657 2166 aut
682 2122 781 2194 spem
806 2097 1042 2168 liberalioris²
1059 2097 1224 2192 militiae)

158 2208 257 2308 mille
277 2209 424 2278 ducenti
442 2209 666 2304 septuaginta
684 2207 757 2278 duo
771 2210 928 2304 equites,
942 2208 1045 2277 mixti
1057 2206 1225 2305 Numidae

159 2320 401 2416 Hispanique,
417 2318 462 2388 ad
473 2319 680 2389 Marcellum
693 2317 980 2416 transfugerunt:
997 2342 1124 2388 eorum
1139 2316 1226 2399 lorti

158 2428 331 2525 fidelique
346 2453 455 2526 opera
470 2430 506 2497 in
523 2454 567 2499 eo
580 2429 677 2499 bello
689 2431 744 2498 usi
757 2445 841 2499 sunt
853 2454 945 2528 saepe
957 2429 1122 2499 Romani.
1134 2432 1226 2525 Ager

157 2539 324 2633 Hispanis
339 2539 376 2606 in
393 2539 580 2633 Hispania,
600 2539 765 2611 Numidis
780 2540 818 2609 in
833 2538 950 2610 Africa
968 2552 1049 2635 post
1065 2538 1225 2628 bellum,

158 2647 300 2716 virtutis
323 2671 448 2733 causa,
464 2644 571 2717 datus
596 2662 660 2718 est.
682 2649 881 2738 Hannibal,
902 2649 946 2720 ab
963 2650 1055 2720 Nola
1074 2650 1225 2720 remisso

158 2757 369 2856 i11Hruttios
383 2761 577 2845 Hannone,
592 2783 675 2829 cum
691 2758 824 2854 quibus
837 2774 984 2851 venerat
999 2760 1131 2856 copiis,
1147 2760 1228 2856 ipse*

157 2866 297 2963 Apuliae
311 2857 462 2936 hiberna
480 2869 587 2963 petit,
603 2871 767 2965 circaque
781 2874 897 2966 Arpos
916 2868 1087 2939 consedit.
1104 2872 1149 2958 Q.
1165 2874 1225 2938 Fa·

157 2975 261 3065 bins,
283 2990 323 3045 ut
344 2973 547 3072 profectum
566 2979 604 3047 in
624 2979 788 3075 Apuliam
805 2978 1042 3050 Hannibalem
1064 2979 1222 3068 audivit,

158 3084 341 3159 frumento
360 3084 405 3156 ab
424 3087 516 3158 Nola
533 3088 757 3185 Neapolique
776 3088 815 3161 in
834 3111 876 3160 ea
893 3076 1224 3174 castra'convecto,

167 3277 169 3280 ’
193 3286 253 3335 Car.
264 3286 354 3331 XLVI.
368 3299 389 3331 1.
404 3284 515 3331 Hostium
523 3285 581 3348 plus
595 3302 667 3348 quam
711 3285 770 3354 ὑπὲρ
794 3285 850 3344 τοὺς
872 3285 1037 3354 τριακοσίους·
1058 3289 1107 3335 nisi
1133 3286 1223 3351 χιλίους

159 3364 227 3432 (vide
238 3364 269 3410 ad
278 3364 322 3421 IV,
333 3362 378 3419 52,
392 3361 456 3425 nb)
471 3364 576 3427 quinque
588 3364 666 3411 millia
709 3379 768 3430 post
783 3365 837 3423 τοὺς
855 3368 960 3425 excidit3
979 3369 1064 3431 Sigon.
1083 3369 1148 3415 Mox
1166 3379 1223 3415 ante

157 3453 308 3508 ...quatuor
324 3439 445 3504 elephanti
463 3440 488 3487 in
506 3442 560 3488 acie
577 3442 650 3489 occisi
656 3461 665 3498 ,·
710 3444 782 3490 datus
806 3456 841 3490 est
862 3445 888 3490 in
915 3443 1029 3490 omnibus
1053 3443 1223 3504 editionibus,

156 3525 229 3572 itaet
243 3519 366 3569 Plutarch.
381 3519 407 3564 in
422 3519 551 3577 Marcello,
566 3538 592 3583 p.
606 3523 664 3576 304.
709 3533 798 3585 praeter
812 3527 876 3580 Str,
891 3523 980 3570 inserta
992 3538 1044 3570 vox
1058 3523 1135 3579 latus,
1150 3538 1224 3586 quam

156 3600 406 3646 -ancanoootum
423 3597 597 3659 quodfuerat;
616 3600 663 3646 nisi
709 3601 803 3660 delevi,
816 3602 872 3664 quia
896 3618 910 3647 a
930 3603 976 3648 ΜΒ
997 3603 1052 3648 Pnt.
1076 3601 1224 3665 duobusque

84 3707 86 3711 .
155 3680 203 3742 leg.
215 3689 290 3725 volta.⁴
707 3683 759 3729 aliis
777 3683 860 3740 abest,
877 3694 901 3729 et
917 3684 986 3730 Livio
1007 3684 1061 3730 talis
1080 3681 1225 3747 κακοφωνία

186 3773 215 3802 .2.
225 3752 380 3802 Liberalioris
390 3751 494 3811 mititioe,
506 3746 576 3818 plura
588 3772 662 3820 spon·
706 3757 781 3822 (latus
790 3757 872 3823 datus)
882 3758 1107 3806 haudobtrudenda
1115 3760 1224 3808 videtur.

85 3858 89 3865 «
154 3835 233 3883 dentis
251 3832 386 3881 commoda.
404 3832 514 3880 Liberale
529 3836 663 3899 opponitur
706 3839 737 3882 In
749 3837 849 3899 reliquis
869 3839 930 3885 MSS
944 3854 990 3901 pro
1004 3838 1067 3884 tatus
1080 3837 1173 3900 legitur
1187 3840 1225 3887 lo·

154 3911 291 3961 necessario
307 3922 332 3958 et
349 3926 423 3974 parco
436 3926 442 3959 :
459 3913 523 3959 unde
540 3914 665 3961 liberalior
707 3931 760 3972 cns,
770 3916 838 3978 quod
848 3917 986 3963 restitutum
995 3933 1008 3964 a
1018 3920 1065 3963 Str.
1076 3915 1120 3963 sed
1130 3918 1164 3965 ab
1174 3917 1227 3969 lnl.

155 3991 234 4040 victus
243 3991 314 4045 XLI,
326 4005 339 4034 a
350 4000 399 4037 ext.
409 3990 520 4037 -Mille
528 3991 666 4041 CCLXXII
707 3982 813 4041 alienum
830 4006 874 4042 est.
890 3994 979 4042 Jndice
996 3996 1070 4042 Doer.
1091 3994 1140 4058 leg.
1161 3997 1227 4045 latus

158 4068 262 4142 equites,
278 4067 343 4136 apud
356 4067 525 4131 Plutarchum,
536 4069 584 4121 loc.
593 4061 662 4126 laud.
707 4071 894 4140 (acceptus)est,
906 4084 931 4123 et
940 4073 1087 4136 ejiciendum
1097 4074 1126 4127 τὸ
1139 4075 1225 4137 datus,
