2782 4568
186 320 311 436 etet
415 340 508 406 Lm.
535 340 680 406 xx111.
708 339 813 406 cie.
840 339 953 410 xm.
1152 341 1220 441 357

164 462 330 534 Trebiam
353 464 692 558 Trasimennmqne,
714 476 897 556 postremo
918 459 974 529 ad
998 463 1143 535 Cannas
1166 474 1224 535 vi·

160 573 252 643 den't
260 571 511 668 habueritque.
522 569 673 641 Militem
685 569 1012 669 altitnzprtpectese
1023 577 1059 642 in
1071 572 1224 646 hiberno

161 686 330 778 Capuam
349 681 514 767 duxisse,
534 681 649 751 alium
671 681 753 752 inde
774 681 948 752 eduxisse.
971 712 987 746 «
1001 688 1225 780 Legatumne

160 816 399 877 «romanum,
415 805 451 862 et
464 791 617 886 legionis
631 792 741 861 unius
753 805 863 888 atque
876 791 960 862 alae⁴
970 815 1102 888 magno
1116 807 1226 873 cema-

159 904 286 973 emine
308 903 368 971 vix
388 901 547 973 toleratis
566 925 745 998 pugnam,
765 927 858 999 quos
875 900 971 973 bime
990 903 1082 974 acies
1097 928 1226 974 consu·

158 1041 175 1078 α
188 1012 280 1084 lares
292 1036 481 1108 nunquam
492 1012 973 1101 sustinueruntiMarcellus,
984 1014 1103 1084 tirone
1112 1015 1226 1087 milite

159 1146 230 1194 «ac
243 1123 385 1194 nolanis
404 1121 591 1210 subsidiis,
610 1122 748 1193 inultus
762 1146 829 1193 nos
839 1122 912 1218 jam
924 1123 1054 1195 iterum
1068 1123 1229 1195 lacessit?

159 1232 261 1305 «Ubi
281 1233 341 1304 illc
359 1257 462 1304 meus
479 1232 582 1303 miles
602 1245 676 1321 est,
691 1233 756 1328 qui
773 1248 899 1329 erepto
915 1257 961 1303 ex
973 1257 1071 1328 equo
1089 1238 1130 1303 C.
1146 1233 1226 1304 Fla-

159 1371 175 1405 α
188 1343 302 1412 minio
315 1342 457 1413 consuli
472 1356 582 1438 caput
594 1340 768 1410 abstulit?
782 1340 865 1426 ubi,
880 1342 945 1437 qui
958 1346 998 1411 L.
1013 1341 1164 1414 Paulum
1179 1344 1225 1415 ad
1255 1361 1267 1378 ⁸

159 1455 331 1523 «Cannas
349 1451 502 1522 occidit?
516 1444 665 1520 Ferrum
681 1475 780 1521 nunc
797 1449 931 1522 hebet?
945 1476 991 1522 an
1003 1451 1137 1523 dextrae
1152 1469 1224 1525 tor-

159 1563 303 1659 «penti
317 1586 363 1632 an
386 1561 475 1657 qnid
493 1559 649 1657 prodigii
663 1574 723 1632 est
743 1560 865 1631 aliud?
882 1562 955 1651 Qui
977 1564 1083 1659 pauci
1103 1564 1226 1660 plures

159 1671 332 1742 «vincere
346 1670 442 1741 soliti
454 1672 556 1759 estis,
573 1695 673 1741 nunc
692 1672 815 1768 paucis
832 1671 955 1768 plures
973 1673 1031 1741 vix
1047 1676 1187 1744 testatis
1197 1671 1222 1744 ⁵.

159 1785 339 1851 «Romam
359 1805 424 1852 vos
447 1794 739 1878 expugnaturos,
762 1780 792 1851 si
816 1781 898 1876 quis
923 1779 1091 1870 duceret,
1112 1780 1223 1876 fortes

159 1890 311 1987 «lingua
321 1888 350 1980 ⁶,
362 1891 559 1986 jactabatis.
576 1891 681 1962 Enim
695 1890 816 1960 minor
830 1904 884 1960 est
902 1914 977 1975 res;
997 1889 1055 1962 hic
1070 1893 1225 1988 experiri

159 2000 261 2070 «vim
283 2002 528 2097 virtutemque
553 2000 637 2071 volo
659 2015 890 2097 :expugnate
909 2001 1060 2089 Nolam,
1081 2025 1223 2101 campe·

159 2140 176 2174 a
190 2123 299 2180 strem
317 2108 447 2182 urbem
459 2121 485 2199 ⁷,
500 2135 577 2182 non
595 2109 759 2199 flumine,
771 2135 847 2181 non
865 2111 956 2182 mari
970 2125 1117 2207 septam.
1131 2115 1224 2184 Hinc

158 2247 175 2282 κ
188 2243 251 2290 vos
267 2245 312 2290 ex
329 2234 403 2291 tam
421 2221 594 2318 opulenta
613 2219 705 2292 urbe
724 2219 844 2317 praeda
858 2219 1056 2317 spoliisque
1072 2235 1224 2294 onustos
1326 2232 1335 2243 '

159 2329 246 2419 «vel
262 2331 411 2419 ducam,
431 2356 506 2428 quo
525 2331 670 2421 voletis,
686 2331 744 2402 vel
757 2356 897 2428 sequar.
913 2360 930 2396 n
994 2334 996 2338 ’

195 2518 219 2566 t.
232 2511 344 2576 Legionis
360 2512 430 2560 nnius
446 2524 521 2577 atque
537 2513 600 2570 aloe,·
610 2509 669 2560 vide
711 2511 802 2560 dentiae
821 2527 873 2560 non
890 2511 1013 2561 existimat
1031 2512 1106 2560 Dmk.
1126 2513 1171 2562 En.
1186 2540 1222 2550 ——-

158 2589 190 2637 nd
202 2591 241 2647 X,
260 2597 308 2649 4ο,
325 2606 350 2636 n.
365 2606 389 2650 7,
404 2602 429 2639 et
441 2593 526 2650 XXV,
541 2607 588 2649 ot,
602 2608 627 2640 n.
643 2599 667 2648 t.
711 2592 784 2639 Enim
797 2591 877 2640 minor
887 2601 923 2639 est
933 2607 970 2638 res
978 2609 988 2646 ,·
1001 2590 1034 2639 itn
1051 2601 1112 2640 antt.
1126 2591 1183 2640 edd.
1197 2604 1222 2640 et

158 2693 194 2705 -
207 2668 321 2730 Sigonius
333 2667 390 2726 det,
403 2667 507 2731 legatine
520 2685 580 2718 rotn.
594 2679 618 2717 et
634 2670 669 2716 le·
712 2666 799 2736 optimi
806 2673 875 2720 MSS.
881 2670 931 2719 Alii
938 2686 1013 2734 qumn
1019 2670 1100 2718 minor
1106 2681 1130 2718 et
1137 2671 1227 2719 etenim.

156 2745 252 2811 gionim
265 2746 306 2793 cui
315 2746 479 2794 assentiuntur
488 2747 572 2811 pauci,
584 2758 609 2795 et
620 2747 669 2795 lere
713 2749 808 2797 minor:
817 2749 874 2797 edd.
881 2751 958 2800 Vallae
967 2761 992 2799 et
1001 2761 1094 2798 caeterte
1105 2761 1160 2798 ante
1177 2752 1224 2798 Str.

158 2825 249 2889 pejoris
258 2835 324 2872 notet
333 2823 406 2872 codd.
416 2825 578 2888 Rectoigitnr
586 2825 670 2873 nullne
713 2828 752 2874 En
765 2843 829 2874 nnnc
844 2827 924 2876 minor
935 2839 972 2877 est
984 2845 1021 2876 res
1028 2847 1038 2886 ,·
1051 2828 1109 2877 vide
1124 2828 1156 2877 nd
1171 2830 1227 2887 111,

159 2903 281 2952 editorum
294 2919 350 2951 eum
360 2914 456 2951 secntne
470 2914 514 2952 eet.
527 2905 574 2954 En.
585 2931 621 2942 ·-
630 2904 670 2952 Ti·
715 2906 764 2968 39,
777 2922 802 2954 n.
813 2907 837 2954 8.
847 2907 971 2955 Sententia
981 2918 1032 2956 eet:
1043 2907 1225 2956 scilicetminor

160 2998 218 3029 rone
234 2981 326 3038 milite;
338 2981 396 3030 vide
411 2981 442 3030 ad
456 2983 484 3041 1,
498 2990 541 3042 14,
555 2998 580 3029 n.
595 2989 620 3038 4.
635 3009 671 3018 -
714 2983 760 3031 ista
771 2996 867 3043 retest,
878 2987 1077 3049 nempeRomnm
1087 3001 1186 3050 eapere3
1197 2997 1226 3034 nt

159 3062 254 3109 inultus
264 3078 308 3108 nos
315 3061 372 3126 jam
388 3061 473 3109 iterum
487 3061 595 3119 lacessit,
609 3077 671 3120 noe,
700 3063 804 3127 ,eaepins
819 3062 886 3128 apud
902 3064 1029 3122 Plautum,
1041 3080 1064 3110 v.
1077 3079 1099 3109 c.
1110 3065 1186 3111 Most.
1192 3067 1227 3123 V,

159 3140 202 3204 qni
216 3140 318 3205 primam
332 3138 440 3198 cladem,
456 3139 488 3187 ad
503 3141 592 3189 Nolam
607 3154 671 3187 enm·
715 3157 744 3200 α,
760 3157 802 3189 nn.
815 3141 888 3189 Enim
905 3141 936 3189 ab
952 3140 1025 3188 initio
1043 3151 1067 3188 et
1081 3141 1224 3206 plerumque

159 3217 215 3267 dem
225 3229 350 3284 acceptam
360 3216 421 3283 (vid.
432 3234 486 3283 cap.
497 3216 552 3282 ιθ),
561 3217 672 3266 nondum
714 3207 801 3268 ironice
810 3236 881 3268 cauea
889 3219 1005 3283 ponitur3
1018 3219 1110 3268 Stroth.
1124 3222 1204 3268 Immo
1216 3237 1223 3270 :

159 3297 206 3346 ulti
219 3315 352 3347 eumue.-
363 3298 453 3362 Erepto
467 3312 499 3344 ex
511 3312 586 3360 equo,
597 3319 610 3338 a
619 3312 672 3344 ene·
714 3301 836 3348 Jamvero
845 3297 947 3345 minoris
955 3296 1048 3360 negotii
1057 3308 1150 3358 estrei,
1160 3300 1224 3348 Nola

160 3374 236 3439 picari
254 3378 335 3440 poesis
352 3376 465 3440 derepto,
481 3375 497 3421 i.
511 3391 532 3422 e.
547 3374 670 3425 detracto:
714 3387 824 3437 tantum,
835 3392 887 3424 non
902 3379 980 3424 Rome
995 3377 1156 3441 expugnanda
1172 3389 1225 3439 ειη

161 3453 206 3501 ted
222 3456 288 3502 conl.
303 3456 388 3506 Heim.
404 3454 436 3502 ed
451 3453 525 3502 Ovid.
538 3455 600 3503 Met.
618 3455 671 3514 111,
715 3455 788 3504 Doer.
807 3456 879 3505 Conf.
897 3455 961 3502 infre
978 3453 1010 3502 ed
1028 3455 1155 3514 XXXIV,
1173 3457 1205 3504 32
1215 3492 1224 3518 ‚

165 3532 207 3580 52.
219 3554 231 3574 n
242 3533 307 3580 Dok.
714 3550 740 3583 n.
749 3549 792 3594 to,
802 3534 845 3582 nbi
854 3533 927 3581 Enim
939 3549 986 3597 pro
998 3533 1064 3596 vulg.
1072 3535 1108 3580 At
1120 3534 1183 3582 enim
1197 3536 1225 3584 in

196 3611 220 3658 t.
233 3610 323 3658 Paucis
329 3611 413 3673 plnres
425 3611 472 3659 vix
482 3612 595 3670 testatis5
610 3611 668 3661 vide
714 3612 829 3661 omnibus
839 3613 901 3662 MSS
910 3612 1008 3676 legitur,
1017 3621 1042 3658 et
1050 3613 1162 3662 Gronov.
1172 3614 1225 3678 plu-

160 3689 192 3737 ad
203 3690 249 3747 tv,
262 3689 308 3748 5⁸,
319 3705 345 3735 n.
357 3689 381 3735 5.
714 3691 782 3739 rihni
793 3691 872 3739 Plauti
884 3689 1002 3754 exemplis
1013 3689 1127 3753 probavit
1135 3726 1143 3750 ,
1151 3694 1226 3758 perti·

193 3769 220 3816 6.
232 3769 315 3817 Fortes
326 3767 423 3831 lingua,
435 3785 487 3818 non
494 3759 580 3828 niuno,
585 3769 672 3834 jacta-
714 3769 793 3817 enlm
806 3768 869 3816 enine
881 3767 1027 3816 interdum
1040 3769 1122 3818 fronte
1134 3771 1226 3820 oratio.
1270 3818 1273 3829 ,

160 3846 236 3902 tatis,
249 3845 425 3909 gloriabamini.
439 3874 474 3884 -
488 3850 518 3895 ln
536 3848 618 3896 multi·
635 3849 670 3896 le·
714 3844 919 3896 nieinduerevim
928 3845 1133 3908 edvemtivoe,et
1142 3849 1229 3903 eaden

158 3941 217 3989 gere
230 3923 353 3990 eetsortes
367 3923 482 3990 lienum
495 3926 578 3975 Livius
590 3938 673 3975 temen
714 3927 742 3976 τί
754 3926 828 3991 poni,
837 3941 885 3990 qua
893 3926 998 3986 junctim
1007 3926 1065 3978 nin
1076 3928 1178 3978 atenim
1187 3929 1229 3979 vel

160 4003 251 4051 eimiles
262 4003 399 4051 locutiones
409 4004 489 4053 minoe
502 4005 638 4066 affectavit,
647 4017 672 4056 et
716 4007 761 4057 ted
768 4005 839 4054 enirn.

160 4082 333 4142 himma
348 4084 450 4150 opinis
467 4083 673 4137 emimontu·
754 4084 1227 4152 7.eaap.nt.;v.1xxv1‚10,u.³,
1333 4056 1336 4061 ’
