2782 4568
177 322 248 408 482
442 386 446 393 ,
571 317 842 409 EXQURSUS

155 432 158 437 ⁵
176 442 211 506 in
232 463 284 506 eas
303 440 451 529 regiones
474 438 677 526 inceperunt.
700 439 781 520 Quae
803 438 853 501 via
877 459 980 524 quum
998 455 1268 527 peropportune

178 543 238 607 sita
254 565 293 606 ex
306 542 374 630 ipsa
389 543 484 605 Isarae
500 539 692 604 fertilissima
707 538 789 604 valle
801 538 1103 603 transcurrentibus
1122 542 1267 628 populis

179 645 282 709 victus
295 644 417 707 affatim
431 641 665 731 suppeditaret,
679 640 940 706 haudimmerito
951 639 1086 729 quidem
1102 643 1266 705 arbitrati

178 744 372 826 videbimur,
382 766 440 832 per
453 744 538 807 banc
553 766 652 847 unam
666 741 835 830 Cisalpinis
845 741 1142 890 Transalpinisque
1158 743 1265 808 Gallis

177 845 278 911 fuisse
296 845 538 910 commercium.

220 944 361 1012 Secundi
385 946 460 1010 belli
485 947 595 1033 punici
586 944 811 1009 historiam
803 966 837 1007 ιιι
857 944 985 1032 Polybii
1005 944 1061 1009 lib.
1084 947 1141 1010 111
1150 971 1260 1036 ,.cap

177 1047 491 1136 34·60‚1egentibus
505 1070 611 1111 unum
628 1045 806 1111 dolendum
819 1062 885 1128 est,
902 1045 1015 1134 quod'
1007 1069 1042 1109 ιιι
1054 1047 1123 1111 hac
1143 1072 1262 1114 narra-

178 1152 266 1230 tione
277 1148 495 1238 rapidissima,
506 1172 609 1236 quum
623 1149 725 1212 multa
736 1147 818 1212 adeo
831 1148 942 1235 paucis
952 1146 1078 1236 paginis
1090 1167 1261 1236 praestan·

177 1251 320 1315 tissimus
346 1249 484 1337 scriptor
508 1249 667 1338 coegerit,
694 1271 731 1312 ea
755 1250 850 1313 etiam
874 1249 1065 1338 generaliter
1084 1265 1121 1314 et
1144 1251 1259 1315 latiori

134 1368 135 1371 ’
176 1374 274 1416 sensu
291 1351 504 1415 edisseruerit.
522 1352 649 1438 Nempe
664 1351 752 1413 nulla
769 1350 837 1413 fere
849 1351 922 1415 loca
940 1348 1108 1432 nominat,
1123 1352 1160 1416 in
1178 1356 1257 1440 qui-

176 1453 237 1517 bus
253 1475 272 1516 a
284 1450 446 1515 Rhodano
459 1451 500 1514 ad
513 1453 610 1540 Alpes
625 1451 813 1515 Hannibalis
828 1451 928 1540 copiae
947 1452 1105 1517 stationes
1120 1454 1254 1518 habue-

120 1567 121 1572 ’
176 1554 251 1618 rint.
279 1552 343 1616 Sed
363 1553 428 1616 boc
453 1552 590 1640 Polybio
618 1552 709 1616 facile
730 1553 984 1617 condonandum
1006 1569 1074 1635 est,
1095 1556 1157 1640 qui
1180 1580 1250 1634 non

176 1652 370 1718 doctissimis
390 1653 475 1716 inter
495 1654 689 1717 recentiores
709 1654 784 1718 viris
801 1654 951 1719 historias
969 1677 1042 1718 suas
1060 1656 1250 1744 scripserit,

176 1752 233 1817 sed
242 1752 405 1816 veteribus
420 1752 549 1834 Graecis,
564 1775 655 1841 aeque
669 1753 825 1836 Galliam,
839 1771 872 1818 et
881 1755 1068 1843 Hispaniam
1081 1780 1251 1846 magnam·

176 1876 240 1940 que
266 1868 388 1942 partem
419 1853 626 1918 occidentalis
654 1855 793 1944 Europae
820 1857 1054 1946 ignorantibus.
1087 1859 1195 1941 Quod
1222 1862 1249 1924 si

175 1969 394 2017 commoratus
410 1953 444 2015 in
465 1953 504 2017 iis
517 1970 617 2036 esset,
634 1955 822 2021 Graecorum
840 1957 986 2046 profecto
1002 1959 1135 2049 ingenia
1149 1961 1195 2026 ab
1211 1985 1248 2027 ea

174 2054 296 2143 prolixa
312 2055 488 2118 alienarum
506 2055 756 2146 ignotarumque
773 2059 905 2122 urbium
920 2075 953 2123 et
967 2059 1145 2148 regionum
1163 2084 1247 2126 enu-

126 2162 130 2168 ’
173 2157 349 2220 moratione
365 2156 620 2223 abhorruissent.
637 2159 703 2246 Ipsi
718 2158 813 2222 etiam
832 2158 955 2238 objecta
972 2174 1048 2223 ante
1065 2163 1245 2252 occupanti

174 2281 210 2321 ea
225 2257 388 2322 excusatio
406 2258 479 2324 fuit.

216 2359 249 2423 Si
263 2360 452 2425 Hannibalis
466 2360 543 2440 iter,
561 2383 600 2424 ex
612 2360 722 2448 paucis
737 2385 809 2448 quae
822 2361 910 2450 apud
923 2361 1097 2448 Polybium
1109 2365 1243 2450 praecisa

173 2461 273 2550 magis
300 2477 498 2542 occurrunt,
525 2461 660 2524 velimus
688 2460 890 2545 describere,
910 2462 943 2525 in
968 2462 1007 2524 iis
1029 2463 1242 2550 explanandis

171 2562 327 2649 principia
349 2562 497 2650 superius
525 2562 696 2624 enunciata
719 2563 866 2648 sequuti,
890 2562 1096 2650 propositum
1112 2563 1150 2627 id
1168 2584 1242 2629 ante

127 2738 130 2745 ἢ
170 2664 282 2726 oculos
294 2685 421 2749 semper
433 2662 626 2744 habeamus,
639 2664 680 2728 ab
697 2665 876 2728 Hannibale
891 2663 1091 2727 Rhodanum
1108 2687 1180 2730 non
1195 2666 1242 2730 di·

168 2763 291 2844 ¹visum,
310 2763 450 2826 seduno
468 2765 559 2828 alveo
578 2763 794 2846 defluentem,
812 2789 852 2831 eo
871 2766 943 2830 loco
962 2766 1136 2844 trajectum
1154 2791 1241 2851 esse,

170 2865 227 2952 qui
248 2863 432 2955 quatriduo
438 2889 458 2928 a
473 2889 553 2929 marr
544 2865 722 2948 distaret,
740 2814 816 2931 inde
832 2866 967 2947 Poenos,
984 2864 1123 2931 ducibus
1140 2868 1240 2945 Gallis

168 2966 383 3049 InsubribuS,
400 2967 451 3030 vel
472 2967 575 3048 Boiis,
595 2967 725 3030 adversa
748 2966 936 3031 fluminis
911 2990 980 3055 ripa
1000 2983 1145 3055 quatuor
1166 2970 1241 3035 iisse

168 3064 236 3130 dies
250 3066 313 3154 (75
326 3067 452 3130 circiter
464 3065 580 3154 millia)
596 3065 636 3130 ad
650 3067 822 3155 quemdam
836 3091 939 3156 usque
950 3071 1057 3132 locum
1068 3069 1240 3150 ,Insulam

169 3168 312 3249 nomine,
319 3167 562 3232 confluentibus
575 3168 643 3231 ibi
634 3192 668 3231 m
676 3193 781 3232 unum
793 3169 955 3234 Rhodano
967 3187 999 3235 et
1008 3172 1120 3251 Scora,
1133 3197 1239 3262 quem

166 3291 257 3332 secus
269 3219 404 3332 llrivium
421 3267 532 3332 decem
553 3268 644 3357 dies(
658 3293 718 3333 100
730 3271 797 3333 fere.
810 3272 909 3334 millia
921 3270 1097 3358 romana)
1088 3274 1240 3358 incessit,

150 3367 271 3450 ‘donec
292 3368 334 3432 ad
352 3350 475 3433 'radices
499 3371 661 3434 montium
683 3370 857 3437 devenerit.
877 3372 920 3435 Iis
939 3373 1040 3436 veluti
1058 3373 1240 3457 milliariis,

164 3471 335 3556 quaesitum
349 3469 411 3533 iter
424 3468 606 3535 describere
621 3469 823 3540 conabimur.

132 3646 134 3651 .
208 3572 321 3654 Quum
337 3593 373 3635 ea
388 3570 427 3633 de
442 3572 560 3658 quibus
575 3596 642 3637 non
660 3573 843 3662 disputatur
851 3576 1073 3639 demonstrare
1086 3599 1241 3665 superra-

162 3694 299 3736 caneum
321 3672 422 3752 foret,
440 3695 505 3758 quo
528 3674 562 3735 in
579 3675 652 3738 loco
670 3674 867 3739 Rhodanum
889 3675 1052 3738 Hannibal
1072 3677 1242 3756 trajecerit

162 3794 229 3836 uon
247 3772 467 3844 disseremus:
486 3797 523 3836 ex
544 3775 693 3838 omnium
716 3798 877 3839 consensu
901 3774 1023 3838 flumen
1039 3776 1124 3839 illud
1144 3779 1241 3843 Poeni

158 3895 260 3962 prope
268 3875 555 3961 Rupem·llllauram
566 3876 784 3957 transierunt,
799 3893 855 3940 aut
866 3877 970 3941 tribus
983 3898 1081 3963 supra
1094 3878 1242 3967 Ruperu-

158 3976 309 4040 Mauram
326 3977 486 4058 millibus,
505 3978 538 4040 in
554 3978 636 4041 vado
652 3976 832 4063 antiquitus
848 3994 944 4058 n0t0,
963 3978 1015 4040 cui
1033 4000 1160 4043 nomen
1176 3985 1243 4045 Ar·
