2782 4568
105 324 238 400 n

1087 316 1090 324 ·
1109 294 1133 331 Α.
1148 294 1169 331 C.
1185 291 1231 331 218.

618 311 657 376 r.
690 309 830 378 mvn
1109 348 1230 398 m„

190 427 239 494 cti
261 425 410 520 vestigio
437 449 526 512 suo;
554 425 686 522 aliique
711 452 821 525 super
847 426 953 515 alios,
976 444 1012 499 et
1033 429 1198 522 jumenta
1223 446 1260 502 et

189 534 375 620 homines,
395 535 611 605 occiderent.

237 648 398 717 XXXVI.
413 648 572 714 Ventum
590 643 720 715 deinde
740 637 785 715 ad
800 645 916 716 multo
933 648 1175 742 angustiorem
1194 676 1257 720 ru·

188 779 289 852 pem,
305 767 414 848 atque
434 754 484 822 ita
499 755 606 824 rectis
623 756 714 823 saxis
727 765 753 842 ¹,
770 769 810 824 ut
825 779 915 850 tegre
932 755 1143 852 expeditus²
1154 758 1258 830 miles

188 862 453 952 tentabundus,
468 863 710 959 manibusque
727 865 887 934 retinens
903 865 1056 960 virgulta
1072 889 1111 935 ac
1127 868 1257 965 stirpes

189 977 283 1047 circa
303 975 521 1061 eminentes,
539 974 728 1045 demittere
748 998 824 1045 sese
845 989 977 1072 posset.
1002 979 1136 1047 Natura
1155 978 1256 1050 locus

186 1084 260 1179 jam
271 1097 353 1153 ante
364 1107 522 1180 praeceps
530 1080 557 1172 ³,
568 1085 706 1154 recenti
718 1082 821 1181 lapsu
834 1097 953 1172 terrae,
964 1085 1001 1154 in
1012 1085 1147 1182 pedum
1157 1087 1255 1159 mille

188 1193 385 1266 admodum
401 1194 629 1291 altitudinem
646 1194 822 1291 abruptus
837 1210 923 1264 erat.
938 1193 995 1263 lbi
1010 1221 1142 1291 quum,
1155 1197 1256 1269 velut

189 1292 368 1376 adfinem
393 1306 475 1391 viae,
499 1306 637 1400 equites
663 1305 927 1394 constitissent,
949 1305 1094 1374 miranti
1118 1309 1255 1376 Hanni·

187 1414 278 1517 bali,
301 1439 381 1510 quae
411 1439 468 1485 res
496 1427 699 1483 moraretur
727 1439 874 1510 agmen,
897 1417 1102 1504 nuntiatur,
1125 1442 1254 1515 rupem

191 1598 236 1655 18,
247 1599 289 1645 ubi
302 1615 349 1663 pro
361 1599 426 1662 vulg.
436 1598 542 1666 affigunt
553 1613 567 1643 a
579 1597 654 1644 Drak.
666 1613 700 1644 re·
744 1598 818 1660 Quod
830 1615 889 1647 vero
897 1599 980 1646 Livius
989 1600 1106 1663 spatium,
1116 1615 1161 1663 qua
1171 1616 1255 1650 recens

187 1676 296 1739 positum
309 1677 451 1742 affligunt),
465 1692 520 1723 cum
533 1676 558 1722 vi
570 1687 594 1723 et
606 1677 699 1745 impetu
743 1676 860 1740 abruptus
871 1693 971 1741 prorsus
979 1679 1048 1725 loeus
1060 1691 1124 1737 erat,
1135 1679 1159 1725 in
1171 1680 1255 1727 altitu·

187 1754 256 1801 humi
282 1768 455 1820 prosternere,
483 1766 553 1801 terrae
583 1754 700 1812 allidere,
743 1753 1005 1820 dinemaceepit,non
1020 1756 1044 1802 in
1063 1756 1253 1820 longitudinem,

188 1830 365 1902 προσουδίζειν,
377 1837 416 1883 vel
430 1827 495 1884 οὔδει
510 1827 618 1901 ἐρείδειν.
742 1831 769 1878 id
783 1849 829 1880 uec
844 1850 876 1881 ex
888 1834 994 1898 Polybio
1007 1835 1123 1897 sumpsit,
1141 1845 1165 1881 et
1182 1852 1254 1899 pror-

221 1914 283 1961 Cur.
295 1915 418 1960 XXXVI.
431 1927 453 1959 1.
462 1911 540 1958 Ileetis
549 1912 632 1968 saxis5
641 1911 698 1960 vide
743 1926 783 1957 sus
797 1911 927 1958 ridiculum
942 1911 1122 1974 absurdumque
1134 1912 1231 1960 videtur
1246 1931 1253 1964 :

189 1992 220 2039 ad
231 2009 284 2056 cap.
297 1992 345 2051 35,
356 2008 380 2039 n.
392 2007 415 2052 9.
741 1988 768 2035 in
779 1989 932 2037 altitudinem
947 2007 1011 2054 saepe
1029 2000 1081 2037 tota
1098 2006 1182 2054 rupes,
1201 2007 1254 2039 uon

223 2088 248 2118 a.
260 2070 396 2135 Expeditus
409 2069 475 2117 miles
480 2088 490 2126 ;
502 2086 527 2116 v.
536 2072 569 2128 V,
584 2072 624 2128 16,
634 2086 660 2116 ιι.
672 2086 696 2117 a.

223 2153 246 2198 3.
259 2152 357 2200 Natura
369 2151 433 2197 locris
439 2149 496 2213 jam
509 2160 565 2195 ante
572 2163 694 2211 praeceps,

187 2231 277 2277 recenti
295 2231 364 2293 lapsu
380 2239 473 2283 terrea,
484 2227 508 2273 in
523 2227 615 2290 pedum
633 2225 697 2272 millo

187 2309 321 2357 admodum
336 2307 416 2369 (fere,
429 2322 518 2372 prope,
534 2306 644 2363 circiter3
658 2305 697 2351 vel

186 2405 304 2454 prorsus,
329 2388 349 2435 si
372 2387 478 2434 curatius
503 2397 645 2449 computes,
669 2395 697 2431 ut

187 2471 277 2526 XXII,
291 2474 337 2525 ²43
347 2468 449 2523 XXIII,
463 2466 510 2527 46;
525 2466 638 2521 XXVII,
649 2464 696 2522 303

187 2547 311 2602 XXXIV,
332 2547 378 2603 133
398 2545 457 2601 XL,
479 2545 527 2605 593
543 2541 696 2601 XLII‚65;

80 2643 83 2650 '
185 2621 696 2684 XLIII,11;etnullusadmodumXXIII,

187 2722 234 2768 29,
245 2721 271 2752 u.
289 2719 319 2763 73
332 2703 392 2759 XL,
407 2701 452 2761 59,
465 2716 491 2746 n.
508 2698 532 2762 r)
544 2698 696 2746 altitudinem

185 2785 301 2846 abruptus
312 2791 366 2826 erat
381 2779 427 2825 :ln
439 2778 538 2842 optimis
551 2778 613 2824 MSS
627 2778 696 2840 lapsu

186 2876 257 2911 teme
266 2858 392 2923 impeditus
405 2857 463 2904 dum
476 2857 515 2905 ille
528 2857 660 2904 admodum
671 2875 695 2905 a.

187 2960 212 2990 a.
223 2957 259 2998 e.,
270 2950 295 2986 at
304 2939 331 2984 in
344 2936 515 2984 recentissimis
528 2948 552 2983 et
563 2936 695 3001 interpole-

184 3023 217 3071 tis
226 3018 300 3068 codd.
309 3017 378 3080 lapsu
386 3027 457 3063 terra
462 3014 588 3078 impeditus
596 3013 695 3080 (invias,

187 3099 324 3164 impediens
334 3096 451 3151 viatorem
461 3095 526 3142 conl.
541 3095 572 3141 ad
585 3096 638 3153 IX,
653 3095 694 3153 43,

184 3199 211 3230 n.
224 3179 256 3245 6)
270 3178 294 3224 in
308 3175 395 3222 miram
410 3174 449 3220 vel
461 3172 597 3220 mirandam
609 3174 694 3221 admo-

186 3259 243 3306 dum
258 3273 283 3304 a.
296 3258 364 3307 Hoc,
378 3252 446 3315 quod
461 3252 615 3315 desumptum
626 3253 693 3301 vide·

185 3349 225 3386 tur
240 3353 253 3384 e
270 3336 322 3384 Cic.
332 3335 400 3379 Verr.
411 3331 444 3388 V,
460 3332 574 3388 XXVII,
587 3332 694 3395 probant

184 3417 269 3480 Sigon.
281 3425 305 3461 et
315 3415 362 3460 Str.
376 3411 432 3458 Nos
439 3409 587 3457 servavimus
597 3413 692 3459 emend.

184 3495 275 3550 Vallae,
288 3506 361 3554 quam
376 3487 456 3535 firmat
475 3489 563 3552 Polyb.
577 3491 632 3546 III,
647 3490 691 3546 545

184 3567 271 3639 σχεδὸν
287 3568 328 3620 ἐπὶ
340 3568 396 3636 τρίοο
408 3560 550 3635 interdiu
563 3572 606 3625 τοῖς
619 3567 692 3636 ἀπορ-

742 2068 817 2115 modo
833 2086 877 2132 per
891 2069 957 2116 mille
973 2068 1064 2133 pedum
1082 2070 1254 2132 spatium‚ab·

742 2158 814 2210 rupta
826 2146 930 2210 intelligi
942 2147 1021 2194 debet.
1034 2148 1101 2194 Idem
1111 2148 1194 2196 Livius
1203 2150 1254 2196 vir·

739 2225 810 2288 gulta
817 2240 848 2271 ac
855 2225 939 2288 stupes
948 2224 1014 2271 circa
1021 2225 1148 2273 eminentes
1157 2227 1183 2273 in
1192 2244 1253 2292 rupe

742 2319 786 2350 suo
801 2320 832 2350 ex
845 2303 959 2367 iugenio,
973 2315 1014 2351 aut
1026 2321 1056 2351 ex
1068 2305 1176 2353 fabulosa
1192 2307 1252 2355 alio·

741 2398 795 2428 rum
806 2381 950 2442 traditione,
967 2397 1018 2428 non
1032 2399 1063 2429 ex
1074 2384 1191 2447 Polybio,
1205 2401 1252 2434 nec

741 2478 772 2531 px
780 2461 829 2508 loci
839 2472 924 2508 natura
935 2461 1023 2508 hausit.
1036 2462 1102 2524 Quid
1118 2463 1184 2524 quod
1196 2479 1250 2528 cap.

743 2541 785 2599 37,
802 2540 828 2586 In
846 2540 945 2586 summis
958 2540 1059 2604 Alpium
1071 2541 1148 2603 jugis,
1165 2541 1251 2590 ubine

740 2618 844 2682 virgulta
861 2619 959 2682 quidem
974 2629 1099 2676 crescunt,
1117 2629 1141 2665 et
1153 2620 1189 2666 nil
1202 2621 1250 2669 nisi

740 2697 806 2744 nuda
819 2713 892 2762 rupes
905 2709 956 2756 est,
967 2698 1023 2744 nive
1037 2697 1190 2761 plerumque,
1203 2698 1250 2746 hu-

740 2795 782 2827 mo
792 2796 916 2844 nusquam
926 2791 1013 2843 aperta
1020 2777 1079 2837 (τῶν
1087 2774 1133 2845 γὰρ
1144 2765 1246 2830 husus

739 2854 773 2906 τὰ
784 2857 827 2923 μὲν
843 2856 906 2926 ἄκροι
918 2855 959 2907 καὶ
971 2854 1004 2906 τὰ
1015 2856 1073 2924 πρὸς
1088 2853 1132 2914 τὰς
1147 2854 1250 2925 ὑπερδο-

738 2933 784 2995 tt<
794 2936 915 2992 ἀνήκοντα
922 2937 1009 2994 τελέως
1021 2929 1130 3004 ἄδενδρσ.
1139 2933 1180 2986 nai
1192 2935 1249 3004 ψιλὰ

739 3015 815 3067 πάντ’
831 3016 883 3075 iti,
899 3012 943 3067 διὰ
963 3017 990 3066 τὸ
1006 3021 1110 3081 συνεχῶς
1129 3016 1247 3084 Ιπιμένοιν

738 3095 781 3150 τὴν
795 3095 865 3162 χίονσ
875 3094 917 3146 καὶ
930 3095 1008 3163 θέρους
1020 3092 1062 3145 καὶ
1072 3100 1188 3163 χειμῶνος
1198 3115 1204 3127 ·
1214 3092 1248 3145 τὰ

738 3167 763 3224 δ’
769 3175 820 3226 ’ὑπὸ
833 3176 909 3244 μέσην
920 3175 963 3228 τὴν
976 3172 1112 3243 παρώροιον
1125 3172 1149 3234 ἐξ
1160 3173 1246 3243 ἀμφοῖν

737 3256 787 3306 τοῖν
795 3257 874 3324 μεροῖν
883 3254 986 3323 ὑλορόροι
995 3252 1036 3304 καὶ
1044 3247 1193 3323 δενδροφόρον
1204 3251 1247 3306 nai

737 3334 764 3383 τὸ
776 3333 828 3385 ὅλον
840 3332 955 3402 σίκνῖσιμοί
965 3334 1029 3390 ictu,
1043 3336 1129 3400 Polyb.
1140 3336 1193 3393 III,
1203 3336 1247 3397 55,

736 3428 791 3475 quae
803 3413 922 3475 expressit
933 3413 985 3459 Liv.
996 3428 1049 3476 cap.
1061 3413 1091 3469 37
1106 3411 1192 3477 extu),
1203 3412 1247 3459 im·

736 3508 819 3538 martes
829 3492 901 3538 etiam
911 3491 1009 3537 arbores
1019 3490 1127 3544 inducit.
1137 3503 1160 3538 et
1171 3491 1247 3555 ligno-

736 3585 788 3615 rum
799 3570 917 3632 ingentem
927 3579 1015 3614 struem
1023 3586 1032 3615 :
1041 3586 1130 3633 nempe
1138 3570 1176 3616 bis
1185 3586 1247 3635 opus

160 3680 163 3687 ·
186 3652 260 3722 ρῖνγος
283 3644 406 3714 (abruptae
424 3640 505 3712 rupis)
521 3643 563 3695 nul
584 3647 631 3714 πρὸ
649 3652 691 3697 τοῦ
736 3658 786 3694 erat
794 3646 825 3693 ad
834 3647 966 3694 ornandam
974 3647 1173 3711 sabulam‚quam
1181 3649 1247 3696 sicco

163 3760 166 3767 ¹
186 3730 228 3800 μὲν
251 3728 335 3790 οὔσης,
361 3727 417 3777 τότε
436 3719 466 3775 δὲ
484 3725 525 3776 nui
548 3727 636 3793 petitu
656 3726 691 3776 ἔτι
735 3726 798 3790 pede
819 3726 927 3789 prudens
949 3726 1067 3788 Polybius
1088 3727 1193 3782 transit,
1216 3726 1248 3773 de

182 3809 328 3879 προσφάτως
340 3803 514 3874 ἀπορρωγυῖσς.
524 3807 692 3872 IbiSchweig.
735 3821 795 3867 rupe
801 3803 911 3851 incendio
919 3805 1064 3869 torrefacta,
1076 3804 1185 3868 etmfusa
1193 3821 1247 3851 ace-

182 3889 237 3937 haec
250 3884 345 3932 notavit
361 3897 367 3930 :
387 3883 432 3927 «Si
447 3883 552 3930 stadium
565 3884 692 3945 aequivalet
737 3896 760 3931 to
770 3883 944 3948 putrefacta.»
957 3883 1157 3940 llanelabulam,
1172 3900 1246 3946 quam

183 3967 234 4016 625
247 3963 433 4028 petituram,
445 3974 515 4010 erunt
526 3963 570 4010 tela
584 3963 691 4010 semista·
735 3974 759 4010 et
770 3973 868 4009 narrant
880 3962 943 4010 Plut.
954 3963 979 4009 in
988 3964 1038 4009 vita
1047 3961 1206 4018 Hannibalis,
1218 3981 1247 4011 ae

182 4047 222 4095 dia
233 4042 308 4110 pedes
319 4041 397 4106 φδρξ,
405 4042 515 4105 adeoque
526 4058 610 4106 passos
620 4041 690 4108 1873.
735 4041 777 4088 sit.
788 4043 840 4098 III,
851 4043 901 4096 640
911 4057 960 4105 seq.
974 4040 1034 4105 (ubi
1046 4051 1126 4088 tamen
1141 4042 1206 4089 nulla
1217 4041 1245 4090 iit
