2782 4568
1104 290 1157 328 XC.
1174 292 1210 328 τοῦ

186 310 232 400 74
595 311 631 376 T.
665 311 803 377 LlVll
1103 351 1216 395 nean.

180 425 392 520 vestigium,
406 439 443 496 et
466 427 502 496 in
524 451 642 524 prono
664 429 767 497 citius
786 426 895 524 pedes
915 423 1080 513 fallente,
1103 440 1160 515 et,
1178 453 1244 499 seu

181 534 348 605 manibus
377 537 416 605 in
447 538 683 634 assurgendo,
711 563 774 608 seu
804 561 899 632 genu
935 558 971 605 se
1006 534 1244 628 adjuvissent,

180 644 267 740 ipsis
290 645 515 717 adminiculis
538 649 730 745 prolapsis,
753 648 884 717 iterum
907 645 1126 717 corruissent
1154 647 1245 741 (nec

182 753 310 852 stirpes
329 756 438 845 circa,
456 757 654 845 radicesve,
672 756 717 826 ad
735 780 824 852 quas
838 754 931 851 pede
948 769 1011 824 aut
1029 778 1139 824 manu
1153 758 1246 851 quis·

182 887 292 960 quam
314 866 401 935 eniti
423 882 562 964 posset,
582 865 723 962 erant);
741 868 790 936 ita
810 868 848 935 in
867 865 936 936 levi
955 879 1097 935 tantum
1114 866 1244 962 glacie,

182 973 376 1070 tabidaque
389 978 470 1048 nive
480 976 747 1048 volutabantur.
761 980 780 1045 J
782 987 927 1045 umenta
939 972 1128 1061 secabant3
1139 976 1247 1045 inter-

183 1082 270 1155 dum
289 1086 415 1174 etiam,
432 1101 509 1156 turn
525 1085 686 1157 infimam
700 1085 939 1183 ingredientia
956 1085 1094 1171 nivem,
1112 1098 1147 1154 et
1163 1109 1247 1181 pro·

182 1193 280 1290 lapsa
290 1195 466 1289 jactandis
480 1198 622 1294 gravius
636 1199 674 1267 in
689 1194 912 1268 connitendo
927 1195 1087 1291 ungulis,
1103 1197 1248 1291 penitus

183 1303 479 1404 perfringebant:
502 1322 540 1376 ut
563 1307 754 1404 pleraque,
769 1307 869 1378 velut
888 1305 1014 1404 pedica
1034 1319 1156 1402 capta,
1175 1304 1248 1374 bae-

184 1430 308 1486 rerent
322 1416 360 1486 in
377 1417 503 1498 durata
519 1432 556 1487 et
574 1417 643 1488 alte
663 1433 832 1488 concreta
849 1417 971 1513 glacie.

112 1526 114 1533 '
233 1530 412 1596 XXXVII.
424 1527 603 1614 Tandem,
617 1527 867 1623 nequidquam
877 1528 1050 1622 jumentis
1063 1541 1171 1622 atque
1186 1524 1248 1595 bo·

186 1633 345 1703 minibus
364 1632 534 1733 fatigatis,
552 1652 667 1707 castra
686 1638 724 1706 in
742 1638 831 1736 jugo
852 1639 986 1734 posita,
1004 1637 1186 1734 aegerrime
1205 1634 1250 1704 ad

185 1742 224 1813 id
237 1745 356 1840 ipsum
370 1745 451 1817 loco
466 1762 636 1844 purgato:
652 1762 792 1817 tantum
810 1748 901 1816 nivis
915 1744 1128 1816 fodiendum
1142 1761 1251 1841 atque

188 1853 407 1947 egerendum
433 1854 523 1927 filit!
548 1857 636 1928 Inde
663 1856 710 1927 ad
735 1881 864 1954 rupem
889 1854 1162 1942 muniendam¹,
1186 1878 1253 1949 per

189 1979 298 2061 quam
325 1990 434 2036 unam
461 1969 517 2038 via
545 1993 620 2039 esse
647 1982 810 2066 poterat,
834 1967 965 2037 milites
991 1965 1111 2051 ducti,
1137 1990 1252 2060 quum

189 2165 238 2210 τῶν
249 2154 375 2229 χοιρίων),
389 2166 413 2201 θῑ
426 2166 555 2220 praetel'ea,
571 2172 613 2203 seu
624 2155 700 2203 mani·
738 2164 859 2228 prolapsa
872 2160 1000 2226 jactandis
1014 2160 1113 2225 gravius
1132 2160 1156 2207 in
1169 2161 1254 2207 conni-

189 2239 272 2287 bffl'n
288 2239 450 2305 assurgenffs
469 2252 583 2302 30146οΜ
593 2235 700 2300 &adju-
744 2242 816 2289 tendo
837 2241 887 2307 (ita
900 2240 946 2304 leg.
960 2256 991 2286 ex
1007 2239 1102 2287 emend.
1119 2239 1189 2286 Fabri
1206 2256 1253 2302 pro

191 2319 276 2368 cissent
295 2315 386 2382 (όπότι
402 2317 519 2376 πεσόντες
537 2313 699 2380 βουληόοῖινῆ
744 2317 920 2383 concinendo),
942 2319 1034 2366 scilicet
1048 2330 1076 2366 ut
1096 2335 1120 2367 se
1134 2319 1254 2380 erigerent

190 2399 241 2458 τοῖς
255 2399 352 2468 γόνασιν
369 2399 385 2455 ἢ
403 2400 457 2456 ταῖς
474 2394 541 2465 χερσὶ
554 2394 701 2465 προσιξερεί·
745 2399 786 2466 (ut
799 2399 865 2463 apud
875 2399 927 2446 Cic.
942 2398 973 2445 de
983 2399 1076 2455 nav,
1093 2398 1136 2454 15,
1151 2407 1175 2443 et
1188 2397 1253 2461 apud

191 2482 281 2529 caedat
297 2481 355 2548 πρὸς
370 2478 413 2534 τὴν
433 2470 625 2539 ἐξανάστασιν),
644 2475 700 2538 ipsis
744 2481 831 2546 Polyb.
842 2476 909 2530 κατὰ
921 2477 965 2532 τὴν
977 2471 1169 2538 iterassem),
1181 2490 1255 2538 ungu·

191 2557 344 2605 adminiculis
354 2557 478 2620 prolapsis
492 2544 566 2622 (ἅμα
576 2555 639 2625 πᾶσι
650 2555 700 2612 τοῖς
744 2559 787 2615 Iis,
798 2558 896 2622 penitus
909 2556 1105 2622 perfringebant,
1121 2555 1155 2600 ita
1169 2553 1255 2614 aeple-

189 2636 346 2704 lpsiepama,
360 2639 453 2686 scilicet
461 2638 575 2685 manibus
590 2636 702 2702 genibus·
745 2653 834 2701 raqae,
856 2637 926 2684 velut
937 2634 1025 2699 pedica
1041 2645 1115 2696 capta
1134 2631 1254 2696 (laqueis,

191 2715 356 2779 que,-qnibus
370 2715 394 2761 in
406 2713 553 2778 assurgendo
566 2729 592 2760 se
603 2712 702 2778 adjure-

192 2805 262 2852 rant,
281 2811 333 2843 non
349 2792 449 2841 firmatis
463 2793 489 2839 iu
503 2792 622 2855 vestigio,
645 2791 702 2849 sed,

192 2882 220 2920 ut
232 2873 258 2920 in
267 2873 377 2930 lubrico,
388 2872 461 2919 elusis
471 2888 499 2918 ac
509 2870 655 2934 fluentibus,
668 2870 702 2917 in-

192 2950 247 3001 dem
257 2953 328 2999 selbsc
338 2952 402 2998 disse
417 2953 514 2999 Sciitzen
530 2949 702 3014 aasgleiteten;

194 3033 271 3080 Gron.
285 3044 310 3080 et
328 3031 435 3095 Doen),
456 3031 541 3079 iterum
561 3040 704 3076 corruerant

194 3108 267 3173 (nam
279 3113 312 3159 ita
328 3129 384 3159 cum
398 3111 472 3158 Drak.
487 3111 584 3158 videtur
597 3110 643 3172 leg.
656 3125 703 3172 pro

193 3191 346 3248 comtissent,
356 3190 392 3238 ita
399 3191 424 3237 in
431 3190 484 3247 levi,
493 3190 598 3246 lubrica,
605 3187 703 3253 glacie),

195 3270 328 3334 tabidaque
344 3269 397 3317 nive
414 3270 592 3316 volutabantur
610 3278 705 3314 tantam

194 3337 269 3414 (τότε
281 3348 322 3400 καὶ
334 3351 424 3418 μᾶλλον
438 3349 564 3404 ἐπίπλοον,
574 3351 704 3398 inlubrico

195 3429 353 3487 vacillabant,
366 3429 433 3476 velut
449 3438 633 3492 supernatantes
649 3442 655 3474 :
672 3425 706 3472 sie

195 3507 315 3555 ratsclrten
325 3506 384 3570 naar)
392 3523 398 3556 :
405 3508 517 3572 jumenta
524 3523 584 3553 vcro
591 3505 708 3552 secabant

195 3586 315 3634 lubricam
328 3589 440 3652 glaciem,
451 3587 491 3633 vel
505 3585 581 3632 nivem
597 3583 706 3650 infimam

142 3710 149 3731 ρ
196 3681 352 3732 veteremque
370 3663 422 3727 (τόι
442 3646 471 3715 δ”
485 3665 604 3733 ὑποζύγια
627 3656 706 3712 drino·

197 3763 266 3799 πτεν,
279 3745 319 3797 ὅτε
331 3748 417 3809 πόσοι,
428 3745 470 3799 τόν
483 3745 551 3795 αοὶτω
562 3741 631 3808 χιόνα
639 3738 706 3792 κατὰ

197 3822 241 3878 tin
260 3815 457 3891 όνανοὶστασιν),
478 3823 597 3872 interdum
616 3821 704 3878 etiam,

135 3915 137 3919 '
197 3913 247 3950 tarn
261 3903 369 3969 infimam
381 3903 541 3969 ingredientia
553 3901 630 3948 nivem
642 3915 706 3964 pon·

197 3981 256 4045 ders
272 3997 300 4028 sc
319 3982 383 4030 mole
402 3975 532 4046 corporum
550 3981 708 4028 sarcinarum·

199 4077 262 4131 que,
279 4062 468 4127 et‚tum(ride
484 4057 707 4124 adl,35,n.1),

745 2731 788 2763 seu
802 2715 974 2780 compedibus,
987 2714 1075 2776 quibus
1084 2712 1141 2758 ferae
1151 2726 1255 2772 avesque

745 2796 849 2856 majores
856 2795 997 2858 capiuntur3
1011 2791 1076 2838 conf.
1087 2790 1120 2836 ad
1125 2791 1254 2838 Taurino.

745 2877 792 2934 IV,
809 2875 856 2932 25,
866 2891 891 2922 n.
905 2871 951 2937 a),
965 2872 1083 2918 lacerarent
1093 2869 1118 2916 in
1130 2868 1221 2916 durata
1233 2878 1258 2913 et

746 2956 796 3002 alte
813 2965 926 3001 concreta
939 2951 1034 3016 glacie,
1055 2943 1211 3015 διακόψαντα
1226 2941 1256 2996 dl

747 3035 816 3103 όρινι
830 3031 954 3102 μετὰτῶν
968 3028 1068 3098 φορτίων
1082 3019 1127 3078 οἷον
1142 3044 1255 3077 καταπο-

747 3113 862 3181 πηγότα,
879 3105 924 3160 dmi
936 3129 963 3159 τι
976 3109 1004 3158 τό
1021 3107 1094 3176 βοίρος
1110 3104 1151 3157 καὶ
1168 3100 1212 3156 dni
1227 3105 1257 3154 τὸ

747 3196 838 3261 πῆγμα
849 3193 894 3249 τῆς
904 3188 1107 3259 προϋπαρχούσης
1120 3184 1206 3251 χιόνος.
1220 3189 1257 3233 Ita

746 3272 797 3332 jam
814 3271 855 3318 alii
869 3270 950 3332 intpp.
968 3265 1127 3314 emendarunt
1142 3264 1208 3311 bunc
1221 3263 1259 3309 lo-

750 3367 817 3408 cum,
827 3349 901 3412 vulgo
913 3346 977 3394 foede
986 3356 1141 3408 corruptum,
1151 3353 1176 3407 et
1185 3341 1259 3388 verbs

750 3446 794 3476 nec
803 3429 887 3490 stirpes
896 3425 962 3472 circa
968 3457 974 3470 .
981 3461 987 3471 .
995 3461 1000 3470 .
1007 3434 1089 3478 erant,
1103 3438 1157 3485 quae
1168 3420 1260 3476 Livius,

750 3509 785 3554 rei
797 3507 872 3569 magis
882 3503 1039 3567 explanandae
1052 3518 1135 3558 causa,
1150 3499 1261 3564 Polybia-

750 3586 789 3633 nis
815 3583 917 3643 adjecit,
942 3580 1081 3645 parenthesi
1101 3579 1260 3627 incluserunt.

751 3691 783 3701 —
792 3663 862 3710 Plura
871 3662 891 3708 si
900 3660 984 3707 videre
993 3671 1075 3718 vacat,
1087 3657 1262 3706 conf.Walchii

750 3739 816 3806 (Em.
828 3757 883 3805 pag.
897 3741 929 3787 83
940 3737 1020 3802 seqq.)
1033 3749 1057 3785 et
1071 3735 1182 3785 Butmeri
1191 3733 1261 3796 (Obs.

750 3838 775 3885 p.
786 3821 816 3880 57
829 3816 908 3883 seqq.)
919 3830 1004 3875 notae,
1015 3817 1058 3880 qui
1071 3816 1144 3874 hujus
1157 3812 1208 3859 loci
1222 3830 1262 3859 su·

750 3899 871 3964 perierem
881 3897 1070 3960 explicationem
1079 3903 1187 3941 tuentur.
1197 3892 1244 3938 En.

786 3980 848 4027 Car.
864 3977 998 4024 XXXVII.
1012 3991 1034 4022 r.
1054 3972 1097 4021 Ad
1114 3987 1199 4035 rupem
1212 3987 1263 4016 mn-

752 4058 867 4107 nicndam
885 4054 956 4122 (vide
967 4055 999 4104 ad
1009 4058 1041 4113 V,
1059 4069 1102 4117 19,
1121 4069 1146 4100 n.
1168 4050 1202 4118 9)
1220 4051 1263 4104 τὴν
