2782 4568
156 296 225 390 (192
411 290 415 295 ¹
551 297 818 367 EXCU'RSUS

158 419 274 483 saltum
294 421 444 486 transisse
461 422 594 488 demum
609 433 707 508 patet.
724 421 871 506 Augusta
886 417 972 480 enim
983 417 1240 499 Taurinorum,

156 521 189 582 in
201 543 267 607 qno
280 521 351 585 loco
363 523 470 588 Padus
487 542 519 590 et
533 524 632 588 Doria
645 517 832 602 confluunt,
846 518 921 600 sita,
935 517 1240 606 progredientibus

156 622 239 685 ultra
251 623 357 687 Poenis
376 625 540 708 obstabat,
556 623 696 709 ideoque
713 617 934 709 oppugnanda
954 620 1150 684 necessario
1168 639 1238 685 erat

155 738 252 810 atque
270 725 506 790 exscindenda:
520 725 599 814 quid
611 744 706 803 vero,
721 721 747 784 si
761 743 819 808 per
836 720 975 784 Salassos
989 721 1215 786 transierint?
1225 754 1236 776 »ι

199 822 290 887 Hanc
313 825 528 904 objectionem
546 824 710 914 aptissime
728 822 844 885 refellit
872 821 1011 908 scriptor
1037 822 1144 886 nobis
1166 825 1235 904 jam

109 992 112 997 y
156 939 248 988 antea
270 925 384 991 citatus
401 928 563 992 Abaazit:
581 924 784 1003 «Taurinos,
802 921 927 1008 inquit,
946 919 1073 985 foedere
1094 921 1234 1001 junctos

153 1047 232 1088 cum
244 1028 414 1110 Romanis,
424 1028 596 1093 Hannibali
608 1027 746 1115 primos,
756 1024 842 1087 inter
848 1024 946 1087 Italiae
953 1023 1116 1110 populos,
1130 1025 1235 1089 obsti·

155 1125 247 1207 tisse,
263 1149 302 1191 ex
319 1129 468 1194 omnium
485 1151 646 1193 consensu
663 1141 788 1190 certum
806 1139 871 1207 est,
887 1145 955 1187 non
972 1139 1086 1188 autem
1104 1146 1147 1190 ex
1168 1127 1233 1192 hoc

155 1228 319 1314 sequitur,
328 1230 363 1292 in
379 1231 501 1294 Italiam
516 1230 703 1320 degressum
716 1225 756 1289 ad
766 1226 923 1289 Taurinos
938 1247 1024 1307 esse,
1038 1227 1173 1291 nedum
1191 1229 1230 1292 ad

157 1327 313 1411 Salassos,
332 1354 414 1418 quos
428 1350 515 1397 certe
529 1333 651 1421 primos
664 1328 752 1393 adire
769 1327 905 1392 debuit:
921 1328 1124 1416 praevidebat
1139 1331 1231 1396 enim

156 1431 315 1496 Taurinos
330 1433 365 1496 iu
381 1435 464 1498 saltu
478 1432 691 1498 custodiendo
706 1430 817 1519 vigiles
833 1429 922 1510 fore,
938 1452 999 1492 nec
1016 1429 1172 1517 facilem,
1190 1456 1232 1495 ne

156 1530 220 1592 ulla
232 1531 364 1618 quidem
379 1534 568 1599 defensione
584 1549 722 1615 tentata,
738 1531 860 1595 aditum
877 1530 1044 1594 daturos».
1096 1554 1106 1575 ν

153 1662 157 1669 ·
201 1631 306 1696 Immo
331 1657 445 1699 eorum
466 1637 582 1700 urbem
604 1633 806 1723 oppugnari,
828 1632 924 1695 etiam
948 1631 1088 1696 Graium
1105 1633 1229 1723 jugum

154 1733 458 1799 transcendentibus
478 1737 602 1816 Poenis,
621 1752 653 1799 et
668 1737 716 1797 rei
728 1733 878 1797 militaris
901 1733 992 1815 ratio,
1012 1749 1045 1796 et
1062 1737 1231 1800 exercitus

157 1829 279 1894 ltaliam
296 1834 476 1900 invadentis
491 1838 575 1900 salus
589 1836 807 1924 postulabant.
821 1834 965 1897 Primum
983 1835 1074 1898 enim
1091 1859 1229 1901 revoce-

155 1952 229 1995 mus
253 1934 287 1997 in
311 1939 502 2001 memoriam
524 1937 737 2001 Hannibalem
758 1958 824 1998 non
838 1937 952 1998 statim
974 1936 1014 1999 ab
1031 1936 1177 2025 Alpibus
1195 1941 1227 2002 in

154 2034 315 2098 Taurinos
329 2038 453 2103 infestis
468 2040 568 2128 signis
581 2037 773 2117 incurrisse;
787 2059 900 2100 verum
913 2037 1032 2100 stativis
1048 2038 1182 2127 placide
1198 2058 1232 2104 et

156 2137 335 2224 composite
354 2140 472 2204 habitis
496 2141 602 2204 donec
620 2140 702 2203 fessa
727 2153 759 2201 et
781 2137 925 2224 squalida
946 2138 1063 2203 itinere
1087 2160 1228 2229 corpora

154 2237 272 2302 milites
284 2258 454 2324 curarent,
473 2242 665 2328 refectisque
681 2240 804 2304 viribus
817 2240 942 2303 animos
959 2240 1116 2327 paulatim
1136 2264 1229 2306 resu-

156 2356 301 2423 merent,
325 2359 405 2407 tunc
432 2344 566 2408 demum
589 2344 623 2406 in
648 2343 758 2406 hostes
779 2341 917 2404 movisse
944 2363 1002 2428 per
1025 2341 1228 2428 Eporediam

154 2438 279 2528 (Ivre'e),
290 2466 361 2530 quae
375 2445 487 2534 viginti
505 2461 646 2532 quatuor
661 2443 804 2506 millibus
818 2464 973 2530 passuum
984 2442 1025 2506 ab
1037 2444 1124 2507 urbe
1138 2446 1227 2509 Tau-

153 2541 302 2605 rinorum
315 2544 434 2609 aber'at.
444 2545 622 2625 Taurinos,
637 2544 756 2630 quibus
771 2560 851 2606 tunc
864 2543 987 2607 bellum
1001 2543 1162 2610 adversus
1175 2549 1228 2611 In·

154 2642 266 2705 subres
286 2661 412 2709 motum
431 2664 514 2727 erat,
532 2647 683 2709 invitatos
700 2644 741 2707 ad
757 2643 879 2726 foedus,
897 2661 1143 2732 renuentesque
1161 2664 1229 2711 sta·

153 2743 211 2804 tim
230 2743 317 2830 ipse,
334 2761 372 2808 ut
389 2747 576 2810 Insubrium
595 2746 720 2811 socium
736 2743 887 2826 decebat,
903 2768 1071 2810 armorum
1083 2747 1115 2811 vi
1131 2751 1226 2813 subi-

153 2865 228 2930 gere
248 2846 367 2910 statuit.
389 2847 563 2912 Prudentis
580 2850 667 2912 enim
691 2847 816 2910 consilii
835 2864 920 2930 erat,
937 2849 1043 2912 nullos
1066 2849 1226 2915 haberea

153 2944 265 3027 latere,
281 2964 338 3011 aut
351 2972 369 3010 a
383 2964 491 3038 tergO,
504 2951 727 3014 Romanorum
743 2949 881 3030 amicos,
895 2949 951 3036 qui
969 2965 1001 3012 et
1012 2949 1224 3016 festinantem

153 3045 187 3109 in
204 3071 319 3137 agrum
334 3074 509 3115 romanum
525 3051 766 3115 incursionibus
782 3066 951 3131 vexarent,
970 3065 1026 3114 aut
1040 3051 1067 3112 si
1088 3051 1224 3117 fortuna

153 3148 261 3213 minus
273 3151 308 3214 in
320 3152 673 3248 decertandopfavisset,
688 3151 855 3239 recipienti
868 3173 902 3214 se
914 3149 954 3213 ad
966 3151 1062 3238 Alpes
1076 3150 1141 3213 iter
1153 3176 1228 3241 pro·

152 3249 313 3316 biberent.
325 3254 414 3335 Quin
426 3247 522 3318 etiam
527 3248 666 3325 &olebat
677 3254 726 3316 vir
736 3273 833 3341 quarn
848 3251 992 3314 militaris
1004 3268 1070 3314 tam
1082 3253 1226 3339 politicae

151 3351 199 3414 rei
215 3354 337 3439 peritus
355 3355 513 3420 terribiles
535 3379 596 3443 pro
620 3372 734 3444 negata
753 3353 893 3417 amicitia
914 3376 1024 3441 poenas
1048 3372 1225 3442 expetere,

152 3468 189 3515 ut
206 3474 324 3542 magno
340 3455 438 3519 simul
458 3456 606 3544 exemplo
624 3472 781 3519 terrorem
797 3454 918 3518 caeteris
935 3454 1096 3518 incuteret
1111 3479 1224 3545 popu·

151 3553 207 3634 lis,
223 3554 413 3643 animosque
428 3557 593 3620 sociorum
610 3557 775 3637 incitaret3
791 3554 880 3619 haud
896 3577 973 3618 sane
987 3556 1119 3643 ignarus
1135 3558 1226 3623 fama

152 3653 344 3742 plerumque
359 3656 440 3720 bella
452 3656 586 3737 confici,
603 3674 635 3720 et
649 3658 799 3721 timentes
811 3655 877 3736 jam
892 3656 1042 3720 subactos
1056 3680 1139 3722 esse.
1158 3661 1225 3724 Ita-

151 3777 215 3839 que
229 3778 307 3843 gens
322 3757 390 3839 illa,
403 3759 512 3846 paucis
533 3757 647 3822 diebus
666 3759 783 3839 excisa,
799 3759 891 3845 quasi
905 3780 1004 3822 omen
1021 3757 1123 3820 totius
1143 3759 1224 3825 belli

151 3855 238 3940 apud
253 3856 407 3923 finitimos
423 3861 466 3923 ita
481 3860 600 3941 valuit,
622 3876 660 3922 ut
677 3881 791 3922 omnes
811 3857 898 3920 ultro
920 3880 989 3922 sese
1005 3859 1107 3922 Poeno
1123 3858 1224 3924 dedi-

150 3954 275 4037 ¹derint,
292 3959 568 4049 imminutumque
582 3961 748 4026 laboribus
761 3982 797 4021 ac
808 3960 958 4046 periculis
972 3958 1154 4023 exercitum
1169 3986 1226 4026 va·

152 4054 217 4120 lido
235 4073 265 4120 et
285 4059 370 4123 fideli
386 4065 612 4149 supplemento
629 4061 883 4150 adimpleverint.
