2782 4568
157 319 202 400 4.
577 320 614 386 r.
645 318 784 388 mm
877 325 882 340 ¹
1074 302 1188 407 atat:

156 468 173 503 «
193 463 323 509 nemus.
353 443 499 536 ltaque,
528 465 642 536 quum
670 440 869 538 longinqua
896 438 942 510 ab
969 438 1078 511 domo
1105 443 1214 513 instet
1254 522 1260 528 ⁸

155 578 172 612 κ
192 547 317 616 militia
327 559 354 636 ²,
374 551 628 645 incertumque
652 553 717 639 sit,
743 549 890 646 quando
912 548 1040 621 domos
1060 566 1214 636 vestras,

155 689 171 723 «
189 673 227 728 et
253 683 333 753 quae
358 661 490 756 cuique
514 659 566 731 ihi
591 684 671 731 cara
694 675 800 746 sunt,
824 662 933 730 visuri
960 663 1054 746 sitis,
1077 663 1105 731 si
1132 664 1214 758 quis

154 799 170 833 a
188 783 347 840 vestrum
365 795 449 840 suos
470 773 621 841 invisere
639 771 737 856 vult,
758 785 999 841 commeatum
1017 770 1075 840 do.
1093 772 1214 841 Primo

155 909 171 943 a
194 905 296 966 vere,
313 879 437 966 edice,
457 879 596 968 adsitis,
619 895 675 966 ut,
695 880 762 949 diis
779 879 875 950 bene
894 878 1122 974 juvantibus,
1138 879 1214 951 bel-

155 1020 170 1053 «
192 991 268 1060 lum
281 992 435 1086 ingentis
445 992 565 1090 gloriae
578 989 777 1099 praedaeque
787 989 949 1060 futurum
961 991 1186 1087 incipiamus.
1197 1023 1215 1058 »

157 1100 335 1170 Omnibus
362 1101 437 1173 fere
461 1101 600 1173 visendi
629 1101 758 1172 domos
786 1100 906 1172 oblata
935 1102 1032 1171 ultro
1058 1117 1217 1198 potestas

122 1202 124 1207 ’
155 1226 255 1306 grata
274 1227 366 1299 erat,
390 1214 515 1307 etjam
533 1211 821 1283 desiderantibus
838 1236 941 1300 suos,
961 1227 996 1283 et
1016 1213 1158 1309 longius
1176 1213 1216 1281 in

155 1319 317 1392 futurum
337 1320 612 1418 providentibus
637 1321 867 1392 desiderium.
895 1327 963 1392 Per
983 1335 1103 1390 totum
1124 1334 1217 1389 tem-

155 1456 224 1528 pus
244 1431 392 1516 hiemis,
410 1433 512 1527 quies
533 1433 627 1500 inter
644 1429 805 1519 labores,
830 1444 892 1503 aut
908 1434 983 1527 jam
1006 1431 1216 1517 exhaustos,

153 1556 215 1611 aut
232 1566 318 1610 mox
333 1540 614 1627 exhauriendos,
628 1542 814 1611 renovavit
829 1566 984 1639 corpora
1002 1542 1217 1636 animosque

156 1651 200 1721 ad
215 1652 337 1720 omnia
351 1649 396 1721 de
410 1653 553 1748 integro
567 1648 748 1749 patiendal
760 1655 854 1721 Vere
870 1653 988 1748 primo
1000 1650 1045 1720 ad
1058 1651 1218 1721 edictum

158 1786 371 1831 convenere.
406 1760 607 1850 Hannibal,
643 1786 757 1857 quum
785 1762 1023 1831 recensuisset
1054 1761 1219 1829 omnium

158 1871 287 1940 auxilia
306 1872 487 1967 gentium,
504 1871 622 1942 Gades
644 1870 827 1968 profectus
846 1870 991 1940 Herculi
1006 1884 1089 1938 vota
1108 1869 1221 1938 exsol-

157 1981 257 2073 vit³;
282 1986 459 2081 novisque
485 2010 522 2055 se
549 1984 686 2084 obligat
712 1985 825 2072 votis,
846 1984 874 2054 si
897 1999 1022 2054 caetera
1048 2006 1222 2080 prospera

157 2100 368 2170 evenissent.
392 2099 483 2170 Inde
505 2099 664 2196 partiens
683 2122 785 2168 curas
804 2096 911 2167 simul
933 2097 972 2165 in
989 2093 1219 2165 inferendum

159 2224 269 2306 atque
288 2209 485 2281 arcendum
505 2210 660 2301 bellum,
684 2236 755 2298 ne,
779 2208 866 2280 dum
884 2211 961 2306 ipse
978 2207 1138 2278 terrestri
1156 2229 1221 2301 per

160 2320 373 2416 Hispaniam,
389 2321 596 2416 Galliasque
619 2322 750 2392 itinere
775 2318 914 2390 Italiam
940 2331 1098 2415 peteret,
1122 2310 1220 2384 nuda

160 2442 355 2527 apertaque
382 2434 552 2502 Romanis
581 2431 700 2504 Africa
723 2431 769 2502 ab
797 2432 942 2502 Sicilia‘*
965 2443 1078 2516 esset,
1102 2421 1220 2499 valido

158 2540 324 2636 praesidio
346 2539 491 2613 firmare
517 2567 595 2614 eam
615 2544 750 2614 statuit.
768 2544 839 2612 Pro
859 2567 903 2612 eo
926 2540 1221 2648 supplementum

159 2652 254 2747 ipse,
275 2668 324 2720 ex'
344 2650 481 2740 Africa,
504 2655 657 2724 maxime
686 2650 926 2748 jaculaturum
956 2651 1089 2720 levium
1115 2650 1222 2719 armis

159 2760 281 2854 petiit,
303 2775 344 2829 ut
362 2760 438 2831 Afri
453 2762 491 2832 in
511 2760 699 2860 Hispania,
715 2763 754 2832 in
771 2759 890 2833 Africa
907 2761 1072 2857 Hispani,
1095 2759 1223 2828 melior

159 2870 287 2965 procul
304 2869 349 2941 ab
369 2870 479 2942 domo
500 2871 644 2943 futurus
663 2888 818 2968 uterque
839 2872 959 2958 miles,
974 2869 1072 2939 velut
1088 2870 1224 2938 mutuis

160 2978 374 3075 pignoribus
406 2979 555 3079 obligati
573 2979 603 3068 ⁵,
631 2982 810 3082 stipendia
836 2979 1006 3050 lacerent.
1035 2977 1224 3046 Tredecim

160 3088 271 3161 millia
289 3092 519 3189 octingentos
536 3095 800 3191 quinquaginta
815 3089 954 3189 pedites
974 3083 1148 3158 cetratos⁶
1163 3088 1227 3156 mi-

195 3297 220 3328 2.
234 3282 380 3348 Longinqua
392 3284 424 3330 ab
438 3282 510 3330 dorno
526 3283 598 3330 imtet
610 3283 672 3331 miti·
714 3282 764 3330 Pal.
784 3285 836 3340 111,
856 3283 919 3328 forte
938 3279 1035 3327 rectius.
1054 3280 1172 3343 Prospere
1184 3295 1225 3328 ne-

161 3360 245 3417 tia3v.
258 3361 290 3409 ad
303 3362 358 3420 ΙΙΙ,
374 3365 404 3421 6,
417 3378 445 3410 u.
457 3362 486 3423 5,
503 3375 527 3410 et
541 3364 670 3421 XXXVI,
715 3362 819 3419 nisscat;
830 3362 895 3409 Flor.

162 3453 245 3496 10,n.
258 3440 283 3490 6.
294 3468 329 3478 —·
341 3441 506 3489 Commeatum
515 3442 562 3500 d0‚·
575 3441 630 3489 vide
639 3441 672 3489 ad
751 3449 775 3497 4.
787 3441 863 3488 Nuda
872 3450 1007 3504 apertaque
1015 3437 1131 3484 Romanis
1138 3435 1225 3502 Africa

161 3518 186 3578 1,
196 3519 239 3579 57,
250 3535 275 3566 n.
287 3537 312 3567 a.
327 3520 365 3570 cf.
378 3518 467 3586 Polyb.
479 3520 529 3579 111,
542 3520 584 3567 33.
716 3521 747 3567 ab
756 3521 839 3569 Sicilia
844 3539 854 3577 ,·
866 3537 889 3566 v.
902 3517 933 3566 ad
944 3516 1025 3576 VIII,
1039 3532 1079 3576 17,
1090 3533 1114 3564 n.
1129 3516 1153 3562 5.
1163 3514 1226 3563 Mox

195 3598 219 3646 3.
233 3598 315 3646 Gades
319 3599 443 3665 profectus
450 3598 551 3647 Herculi
558 3609 619 3646 vota
629 3615 670 3646 ex·
706 3599 813 3667 firmare
821 3608 845 3646 et
853 3614 917 3656 eam,
925 3596 965 3644 vel
977 3596 1149 3661 Metagoneam
1160 3595 1226 3656 conj.

160 3675 230 3722 solvit
236 3693 246 3732 ;
257 3675 309 3724 vid.
319 3677 349 3725 ad
358 3678 401 3726 Sil.
411 3678 463 3737 111,
476 3678 619 3734 nup-Si
628 3695 671 3726 σω-
715 3679 792 3726 Gron.
805 3678 896 3728 Confer
906 3672 995 3739 Polyb.
1004 3676 1057 3733 111,
1070 3676 1114 3732 33,
1124 3673 1189 3720 unde
1202 3685 1226 3721 et

159 3765 336 3818 temprospera
346 3757 668 3819 evenissent,utXXXV11,
716 3757 841 3823 sequentia
854 3766 910 3803 sunt
920 3754 1014 3801 hausta.
1256 3814 1258 3818 ,

161 3840 207 3891 473
219 3833 302 3892 XLII,
317 3837 364 3892 28,
378 3848 402 3884 et
415 3837 481 3901 apud
497 3837 554 3887 Sall.
569 3841 597 3886 B.
614 3840 666 3887 Cat.
752 3837 776 3884 5.
792 3836 862 3883 Velut
870 3831 957 3880 mutuis
964 3830 1105 3897 pignoribus
1115 3828 1226 3894 obligati,

162 3927 209 3970 aa,
223 3911 313 3975 probb.
329 3915 407 3961 Gron.
420 3925 445 3964 et
458 3917 532 3964 Drak.
543 3929 572 3966 ut
584 3918 672 3978 adject.
717 3929 745 3965 ut
759 3915 824 3980 apud
839 3912 928 3976 Polyb.
938 3912 955 3959 l.
966 3912 984 3958 l.
1006 3903 1159 3977 ladaoptbut
1183 3910 1226 3966 τὴν

160 4006 207 4053 pro
221 3990 276 4037 adv.
290 3993 398 4054 positum
411 3996 452 4042 sit.
465 3996 492 4043 Si
501 4009 591 4044 coetera
604 3997 673 4061 (quae
718 3994 838 4062 ἑκατέρων
852 3992 920 4050 ulcu
938 3991 970 4050 εἰς
984 3988 1106 4048 ἀλλήλους.

161 4069 329 4138 meditaretur)
336 4088 453 4136 prospere
465 4091 478 4119 e
491 4077 561 4124 MSS.
574 4078 633 4123 Rec.
649 4087 673 4124 et
754 4078 778 4124 6.
792 4074 887 4122 Pedites
904 4084 1008 4120 cetratos
1022 4069 1069 4136 (al.
1085 4069 1229 4134 cetratus),
