2782 4568
188 309 310 416 ᾑῑὲςξςές
354 335 450 400 tra.
478 335 616 416 xxiv.
646 336 750 404 cla.
778 338 881 405 xvi.
908 338 1030 406 xvii.
1148 341 1221 424 403

162 454 395 552 epularentur
407 479 550 525 omnes:
562 469 645 526 ante
661 464 742 526 suas
756 455 963 553 quibusque
976 456 1072 530 fores
1085 463 1225 558 prolata

162 567 294 636 omnia.
312 564 435 636 Pileati
456 580 518 636 aut
536 565 617 635 lana
638 564 719 644 alba
737 565 861 636 velatis
880 566 1058 664 capitibus
1076 570 1226 643 volones
1303 645 1307 650 .

162 678 295 775 epulati
316 691 422 764 sunt;
444 676 503 746 alii
523 673 755 763 accubantes,
777 676 836 745 alii
859 691 1011 765 stanteS,
1032 680 1097 773 qui
1118 681 1224 751 simul

160 785 413 857 ministrabant
426 783 748 881 vescebanturque.
759 786 876 882 Digna
889 811 947 858 res
957 789 1046 876 visa,
1063 805 1103 860 ut
1117 792 1225 861 simu-

160 897 295 967 lacrum
306 895 477 967 celebrati
486 895 563 989 ejus
573 894 645 965 diei
654 895 856 982 Gracchus,
869 913 1061 994 postquam
1072 907 1224 972 Romam

159 1008 282 1097 rediit,
300 1009 401 1105 pingi
424 1005 569 1101 juberet
590 1007 628 1075 in
651 1005 725 1076 aede
747 1005 939 1078 Libertatis
952 1061 961 1094 ,
975 1080 976 1084 ,
989 1033 1097 1104 quam
1120 1027 1223 1108 pater

160 1117 237 1212 ejus
257 1119 296 1187 in
316 1117 494 1187 Aventino
516 1139 558 1185 ex
576 1115 788 1185 mulctatitia
808 1118 1006 1212 pecunia¹⁰
1023 1118 1223 1191 faciendam

160 1228 297 1300 curavit
316 1225 577 1319 dedicavitque.

207 1342 318 1408 XVII.
328 1341 426 1406 Dum
435 1334 508 1404 haec
519 1334 565 1404 ad
573 1339 818 1405 Beneventum
833 1352 1020 1432 geruntur,
1031 1338 1222 1427 Hannibal,

159 1446 402 1544 depopulatus
425 1469 552 1540 agrum
575 1443 866 1540 neapolitanum,
889 1445 935 1516 ad
957 1448 1085 1519 Nolam
1109 1466 1225 1522 castra

160 1570 281 1627 movet
290 1566 314 1624 ¹.
328 1557 447 1644 Quem
458 1551 523 1623 ubi
535 1552 727 1624 adventare
742 1555 869 1625 consul
882 1560 1009 1644 sensit,
1022 1563 1223 1658 Pomponio

62 1814 66 1819 .
160 1803 195 1812 --
215 1774 394 1823 Pileati:nam
409 1773 505 1838 pileus,
524 1773 549 1819 h.
569 1789 590 1819 e.
609 1773 669 1819 lana
712 1771 815 1820 riculoso
834 1775 1021 1832 convaluerunt,
1042 1777 1133 1825 laetitiae
1148 1795 1224 1828 eausa

160 1854 232 1911 alba,
243 1870 290 1917 qua
302 1864 377 1917 caput
385 1850 524 1907 velabatur,
539 1862 590 1898 erat
598 1849 669 1897 liber·
712 1851 790 1898 solent
799 1864 875 1916 caput
886 1853 980 1900 radere.
987 1853 1052 1901 Vide
1066 1857 1097 1903 ad
1111 1859 1223 1906 Juvenal.

160 1935 216 1983 tatis
229 1934 337 1996 insigne,
352 1932 419 1995 quod
434 1931 498 1978 servi
514 1947 587 1977 manu
602 1930 670 1976 missi
712 1932 779 1988 XII,
793 1933 835 1979 81.
855 1931 974 1979 Caeterum
990 1920 1093 1981 Ursinus
1111 1937 1174 1984 infra
1192 1939 1223 1986 ad

160 2012 330 2077 accipiebant:
341 2011 406 2058 unde
422 2027 475 2074 cap.
493 2012 523 2057 32
539 2020 600 2056 extr.
610 2008 671 2055 servi
713 2010 791 2068 XLV,
801 2018 847 2069 tt,
856 2023 954 2069 monet,
967 2028 998 2058 ex
1006 2013 1113 2062 Diodori
1121 2015 1137 2062 l.
1147 2016 1165 2064 l.
1174 2017 1223 2066 hoc

160 2092 197 2139 ad
198 2091 291 2155 pileum
299 2090 397 2147 vocati,
410 2091 427 2136 i.
439 2106 459 2136 e.
470 2088 588 2153 promissa
597 2088 670 2134 liher-
696 2116 698 2120 ν
713 2104 810 2151 quoque
824 2088 942 2154 intelligi,
955 2106 1034 2137 novos
1045 2092 1145 2142 libertos
1157 2096 1223 2160 apud

159 2181 209 2218 tate
223 2170 254 2217 ad
267 2185 333 2216 arma
349 2169 468 2233 capienda
482 2167 588 2215 excitati.
605 2167 670 2213 Hinc
712 2166 837 2214 Romanos
855 2168 916 2214 albis
938 2180 962 2215 et
983 2169 1092 2218 vestibus
1111 2184 1136 2219 et
1156 2173 1223 2237 pileo

159 2250 232 2299 etiam
243 2252 333 2306 XXX,
346 2249 388 2306 45,
400 2264 425 2294 n.
439 2256 467 2305 4,
479 2258 503 2294 et
517 2248 670 2305 XXXVIII,
713 2246 773 2293 olim
783 2262 841 2292 usos
852 2247 938 2305 fuisse,
949 2258 977 2294 ut
988 2264 1054 2295 nune
1065 2250 1165 2308 itidem,
1181 2253 1225 2315 qui

160 2332 193 2379 55
199 2367 206 2391 ,
216 2346 273 2378 ma.
283 2331 314 2390 Q.
321 2327 450 2375 Terentius
459 2326 557 2384 Culleo,
569 2325 671 2389 eaptivi-
713 2341 743 2371 ex
762 2325 857 2388 antiqui
879 2325 958 2373 hostis
977 2327 1109 2385 servitute,
1125 2331 1224 2378 salutari

159 2422 208 2458 tate
219 2409 335 2457 liberatus
346 2423 361 2453 a
375 2406 491 2469 SeipIoue
501 2404 570 2468 (vide
579 2406 670 2462 XXX,
711 2419 773 2465 aqua
791 2404 876 2461 tincti,
888 2404 1030 2452 liberentur.
1050 2434 1086 2442 -
1104 2408 1224 2466 Volones;

161 2490 220 2553 43),
236 2499 288 2535 tum
302 2485 491 2548 triumphantem
500 2483 619 2531 libertatis
631 2500 671 2529 au·
712 2483 769 2530 vide
781 2483 812 2530 ad
821 2485 884 2543 XII,
900 2484 942 2544 57,
954 2501 979 2530 n.
994 2501 1032 2531 ra.
1047 2513 1081 2521 -
1095 2487 1150 2534 Alii
1156 2484 1224 2536 slan-

160 2579 252 2614 ctorem
254 2564 321 2627 pileo
331 2563 408 2625 capiti
416 2561 536 2625 imposito,
545 2573 669 2624 sequutus,
714 2574 747 2608 tes
751 2580 762 2619 ,·
773 2563 839 2611 conf,
852 2574 904 2610 not.
917 2579 940 2622 7.

160 2657 213 2693 tum
229 2643 320 2690 mortui
341 2643 414 2687 funus
431 2651 594 2703 prosequutus
609 2641 669 2686 dici·
751 2656 789 2686 ro.
804 2644 847 2686 Ex
858 2641 1005 2688 mulctatitia
1015 2645 1135 2704 pertenire,
1151 2663 1224 2708 quam

160 2737 212 2783 tur;
231 2734 255 2769 et
276 2720 408 2775 XXXIII,
422 2720 467 2777 23,
486 2718 572 2765 Coloni
582 2718 672 2780 pileati
712 2718 764 2765 scil.
773 2735 860 2766 censor
869 2731 911 2766 aut
919 2720 1003 2783 potius
1012 2720 1089 2769 aedilis
1099 2737 1226 2787 exegerat;

109 2806 112 2810 ’
160 2813 293 2857 vocantur,
311 2798 380 2862 quasi
398 2797 481 2844 liberti
500 2797 670 2860 irnperatoris3
713 2797 804 2844 Stroth.
818 2798 889 2844 Conf.
901 2798 956 2844 Iud.
968 2814 1023 2848 voc.
1031 2801 1172 2861 pecliniam.
1186 2806 1224 2852 De

160 2893 185 2929 et
205 2881 287 2938 XLV,
305 2885 338 2934 44
358 2887 420 2924 extr.
440 2874 555 2933 Polybius
577 2874 668 2932 tradit,
712 2875 765 2921 tede
779 2875 910 2924 Libertatis
924 2888 948 2923 et
961 2877 1026 2941 inps.
1044 2880 1108 2926 atrio
1124 2883 1175 2941 ejus
1191 2885 1223 2932 cf.

161 2960 273 3006 Prusiam
288 2958 419 3021 pileatum,
438 2953 517 3015 capite
533 2968 606 3008 raso,
626 2954 670 2999 ob·
711 2955 796 3011 XXV,
815 2970 844 3014 73
863 2956 993 3012 XXXIV,
1013 2964 1060 3014 443
1079 2960 1156 3017 XLV,
1177 2962 1208 3007 15
1217 2979 1224 3020 ;

161 3039 224 3086 viam
237 3038 272 3084 ire
287 3035 371 3100 legatis
382 3033 494 3088 solitum,
514 3031 671 3094 libertumque
712 3033 777 3079 Duk.
788 3032 820 3078 ad
831 3034 914 3091 XXV,
928 3048 950 3092 7,
968 3049 1014 3091 ra,
1034 3046 1058 3082 et
1074 3037 1177 3087 Casauh.
1192 3039 1224 3086 ad

160 3135 186 3165 se
200 3116 289 3181 populi
307 3112 405 3162 romani
410 3110 492 3176 ferre,
507 3121 530 3157 et
544 3108 598 3156 ideo
613 3109 670 3157 insi-
712 3113 778 3159 Suet.
791 3113 855 3173 Aug.
870 3125 911 3171 29.

158 3198 220 3262 grtia
237 3195 329 3244 ordinis
346 3193 396 3258 ejus
408 3205 513 3255 gerere:
528 3204 583 3235 nam
597 3205 671 3236 manu
747 3190 807 3238 Car.
826 3191 908 3236 XVII.
928 3204 949 3235 r.
972 3190 1016 3236 Ad
1032 3191 1124 3238 Nolam
1140 3207 1223 3244 castra

161 3277 228 3324 missi
245 3293 301 3324 raso
316 3272 396 3338 eapite
411 3270 474 3317 calvi
490 3268 620 3332 capiebant
629 3269 670 3332 pi·
712 3280 796 3315 movet.
808 3269 911 3315 Vossius
924 3267 1037 3315 emendat
1046 3270 1130 3328 movit,
1146 3289 1223 3336 aquo

162 3356 239 3411 leum‚·
251 3356 307 3402 vide
321 3353 408 3418 Polyb.
423 3352 515 3409 XXX,
528 3348 572 3409 16,
590 3360 615 3396 et
628 3349 670 3412 qui
712 3347 853 3395 dissentitur
863 3346 1002 3404 Walchius,
1016 3349 1118 3396 Emeud.
1128 3368 1154 3415 p.
1166 3355 1222 3401 185.

162 3449 193 3480 ex
210 3435 296 3482 eodem
315 3436 383 3481 fonte
399 3432 546 3486 hauserunt,
565 3427 669 3474 Diodor.
712 3428 774 3475 Sane
785 3426 836 3474 hoc
849 3425 1009 3473 certissimum
1022 3438 1072 3486 est,
1091 3428 1164 3488 dnm,
1176 3450 1224 3496 qua

162 3516 214 3563 Ecl.
222 3516 299 3560 XXII
311 3513 341 3559 de
351 3516 433 3576 Legat.
448 3523 508 3558 tom.
519 3510 557 3566 II,
570 3525 595 3571 p.
605 3508 657 3554 625
663 3541 670 3566 ,
712 3505 872 3553 sumiturh.l.
880 3503 1069 3568 significatione,
1079 3507 1224 3571 frequentis·

162 3592 305 3642 etl.Wessel.
317 3603 341 3638 et
350 3592 458 3654 Appian.
468 3587 580 3638 Mithrid.
590 3589 622 3634 Π.
632 3587 670 3635 cf.
712 3586 772 3632 sime
787 3585 857 3648 jungi
879 3585 983 3648 tempori
1000 3588 1129 3648 praesenti,
1150 3589 1223 3638 etiarn

161 3673 224 3720 infra
237 3671 360 3727 XXXIV,
375 3669 389 3714 5
393 3686 406 3716 a
417 3679 478 3715 extr.
491 3667 567 3713 Plaut.
578 3665 669 3729 Amph.
711 3666 738 3711 in
747 3680 773 3711 re
782 3664 912 3728 praeterita,
921 3663 1026 3726 ideoque
1036 3664 1224 3731 circumseptum

162 3755 188 3810 I,
204 3768 230 3811 1,
244 3751 306 3808 306,
320 3750 387 3795 Serv.
396 3747 428 3793 ad
435 3745 522 3807 Virgil.
533 3746 669 3803 mnvm,
713 3743 790 3790 videri
803 3743 851 3790 fere
862 3742 1012 3804 temporibus
1021 3741 1159 3794 historicis:
1173 3764 1223 3795 mo-

164 3831 222 3886 564.
238 3830 334 3878 Nonius
349 3841 355 3875 :
373 3825 416 3890 qui
433 3824 501 3871 liberi
512 3823 625 3890 fiebant,
639 3839 669 3870 ea
712 3822 745 3869 do
760 3839 792 3869 ne
807 3821 861 3884 quis
875 3820 935 3897 illuri
949 3821 1000 3867 sine
1014 3823 1158 3885 exceptione
1170 3824 1223 3881 fieri

162 3926 238 3956 causa
250 3907 313 3955 calvi
327 3916 412 3960 erant,
428 3902 496 3967 quod
507 3913 670 3964 tempestatem
712 3912 794 3966 putet,
806 3911 859 3958 aut,
873 3898 917 3945 ubi
926 3899 1040 3962 praesenti
1049 3900 1160 3959 junctum
1172 3917 1223 3964 est,

162 3987 278 4034 servitutis
300 3985 448 4032 videbantur
469 3981 591 4047 ffagem
612 3998 670 4028 itam
713 3979 854 4040 adjunctum
869 3976 893 4024 ei
910 3971 1060 4040 praeteritum
1078 3994 1176 4042 quaerat.
1187 3986 1224 4031 De

162 4065 292 4129 nartfragio
304 4062 452 4112 liberatior!
460 4060 503 4124 qui
511 4077 525 4106 e
536 4061 618 4107 morbo
624 4045 670 4122 με’·
714 4059 796 4123 priore
808 4056 891 4106 revid.
902 4056 997 4120 egregie
1005 4070 1144 4108 monentem
1150 4064 1222 4110 Voss.

929 4230 947 4265 a
982 4143 1043 4212 26.
