2782 4568
168 337 292 442 ῧῑὲῑὲἑὲῖ
389 360 540 431 trata
569 361 693 428 xxrt.
721 359 823 428 cnr.
851 361 951 427 txr.
1134 357 1199 431 261

143 478 424 576 ignominiisque
439 477 621 553 confectos
640 504 734 568 ease,
746 493 788 552 ut
805 478 953 576 quidam
968 503 1094 551 eorum
1111 506 1206 555 rnor-

143 604 218 663 tem
239 588 394 686 sibiipsi
412 589 595 687 extemplo
615 591 855 665 consciverint
871 614 879 657 z
897 590 1014 661 caeteri
1031 613 1108 665 non
1126 588 1207 665 loro

144 695 284 773 solunt⁸
300 699 401 773 omni
418 699 549 773 deinde
568 701 658 788 vita,
677 699 740 773 sed
758 723 872 798 prope
891 698 973 773 luce
994 723 1035 769 ac
1057 698 1207 797 publico

144 810 338 885 caruerint.
359 810 482 884 Mirari
494 810 625 906 magis,
639 810 729 883 adeo
752 809 956 907 discrepare
973 809 1068 892 inter
1082 825 1207 882 aucto·

142 929 238 1007 rest,
261 943 389 1017 quam,
412 920 503 1016 quid
517 922 593 995 veri
611 922 671 1008 sit,
693 921 897 995 discerncre
916 944 1039 1017 queas.
1059 923 1207 1010 Quanto

141 1043 264 1107 auten
281 1031 398 1126 major
422 1055 464 1105 ca
486 1030 604 1105 clades
625 1030 874 1128 superioribus
894 1030 1056 1107 cladibus
1081 1029 1209 1120 suerit,

141 1139 200 1214 rel
225 1165 268 1217 ea
289 1166 347 1213 res
370 1141 505 1215 indicio
530 1156 602 1230 est,
621 1142 740 1238 quod,
767 1144 830 1238 qui
851 1143 1033 1219 sociorum
1057 1142 1102 1215 ad
1130 1166 1210 1215 cam

144 1248 239 1321 diem
262 1249 358 1321 firmi
378 1266 570 1339 steterant,
594 1267 671 1322 turn
696 1251 816 1324 labare
843 1267 1034 1351 coeperunt
1046 1263 1090 1342 ¹⁰,
1111 1253 1211 1339 nulla

144 1359 309 1458 prolecto
326 1361 393 1433 alia
405 1360 451 1432 de
472 1387 527 1453 re,
542 1387 652 1459 quam
669 1361 771 1458 quod
786 1362 1064 1465 desperaverant
1081 1361 1125 1433 de
1144 1362 1210 1430 im·

143 1471 258 1566 perio.
279 1468 451 1545 Defecere
470 1486 592 1545 autem
610 1471 656 1547 ad
677 1477 809 1545 Poenos
832 1469 873 1543 hi
896 1470 1024 1568 populi
1038 1481 1066 1511 ¹¹
1087 1497 1095 1539 :
1113 1469 1211 1551 Atel·

144 1580 233 1670 lani,
250 1580 420 1667 Calatini,
434 1583 592 1681 Hirpini,
606 1583 807 1681 Apulorum
821 1605 919 1679 pars,
935 1581 1112 1652 Samnites
1125 1605 1212 1681 prse-

143 1705 200 1777 ter
229 1696 383 1765 Pentros
398 1702 442 1782 ¹²,
467 1695 595 1769 Bruttii
628 1717 776 1780 omnes,
801 1691 958 1781 Lucani3
986 1705 1116 1790 praeter
1142 1690 1210 1763 hos

143 1799 400 1890 Surrentiniti,
419 1817 456 1874 et
473 1807 684 1876 Graecorum
707 1803 824 1877 omnis
841 1800 956 1873 ferme
974 1825 1061 1888 ora,
1076 1805 1212 1872 Taren-

142 1913 229 2002 tini,
248 1914 503 2011 Metapontini,
521 1916 797 2003 Crotonienses,
816 1910 1019 2013 Locrique,
1041 1924 1078 1981 et
1098 1909 1212 1989 Cisal·

143 2023 222 2119 pini
243 2047 370 2098 omnes
391 2023 496 2099 Galli.
517 2030 592 2101 Nec
612 2040 735 2100 tamen
752 2023 808 2100 hae
826 2021 946 2099 clades
970 2016 1210 2097 delectiones,

144 2157 217 2233 que
239 2134 420 2204 sociorum
452 2151 663 2224 moverunt,
690 2149 732 2206 ut
755 2133 852 2232 pacis
880 2155 1044 2228 unquam
1072 2130 1210 2200 mentio

145 2241 242 2341 apud
267 2248 449 2323 Romanos
474 2245 598 2333 fieret;
620 2269 742 2340 neque
767 2256 851 2315 ante
878 2239 1036 2326 consulis
1060 2243 1211 2321 Romam
1250 2238 1251 2243 ’

145 2477 180 2489 -
194 2451 335 2518 Confectos,·
349 2452 407 2499 vide
427 2451 458 2498 ad
471 2453 503 2509 V,
523 2465 570 2508 ro,
587 2467 612 2497 n.
631 2450 656 2497 6.
701 2446 747 2493 lini
764 2454 788 2493 et
807 2443 914 2508 Rhegtni
932 2443 1089 2508 excipiuntur
1108 2445 1212 2504 XXIII,

145 2529 254 2596 Affectus
266 2543 315 2579 vet.
325 2530 369 2578 lib.
380 2530 464 2594 Sigon.
477 2540 502 2577 et
515 2529 577 2578 Gell.
589 2529 606 2576 l.
616 2529 633 2577 l.
699 2541 733 2574 20
747 2536 772 2573 et
788 2523 853 2590 3o):
867 2539 923 2588 quae
936 2523 1011 2586 igitur
1027 2524 1109 2572 omnia
1123 2535 1213 2572 temere

182 2608 655 2676 8.Nonfirrosolunr...sed,sc.etiam
699 2605 788 2663 mixta;
807 2604 873 2651 Glsr.
892 2603 964 2650 eont.
981 2604 1066 2660 XXV,
1081 2618 1107 2660 13
1121 2603 1212 2667 Polyb.

146 2687 247 2759 videpd
259 2691 285 2745 1,
297 2697 343 2745 to,
356 2703 382 2734 n.
395 2700 417 2734 t.
699 2685 752 2740 ΙΙΙ,
764 2683 826 2741 ns,
840 2694 865 2730 et
880 2681 923 2729 Sil.
933 2681 985 2738 XI,
1000 2697 1011 2727 1
1024 2697 1074 2745 seq.
1092 2682 1213 2730 Caeterutu

183 2782 207 2828 9.
220 2756 444 2829 lhuducrepare
457 2763 521 2811 inter
531 2773 656 2820 auctores‚·
700 2763 777 2810 Croto
786 2760 906 2823 Locrique
918 2770 943 2806 et
951 2760 1102 2807 Bruttiorum
1111 2771 1136 2808 et
1145 2760 1215 2808 Groe·

147 2846 203 2894 vide
219 2847 250 2894 ad
266 2849 319 2904 IX,
333 2846 377 2902 16,
394 2859 420 2890 n.
432 2857 456 2890 1.
471 2843 535 2889 Mox
548 2857 595 2908 pro
608 2840 656 2889 dit-
701 2838 745 2886 ciae
762 2854 856 2902 magnae
874 2836 969 2901 oppida
987 2838 1076 2886 fuere:
1095 2838 1138 2885 sed
1155 2838 1213 2886 huic

148 2941 243 2973 eernere
251 2928 330 2975 Gron.
340 2923 405 2983 conj.
415 2917 548 2969 decernere.
558 2923 592 2969 At
600 2919 657 2967 vide
701 2928 796 2966 tantum
804 2917 946 2964 tribuuntur
954 2916 1005 2993 h3l.
1014 2928 1039 2962 et
1048 2917 1145 2976 XXIV,
1155 2931 1166 2961 1
1175 2933 1212 2980 sq.

148 3004 180 3051 sd
187 3006 250 3063 VII,
262 3020 291 3066 9,
303 3020 328 3051 n.
342 3010 366 3057 l.
700 2997 882 3061 -Apulorum
888 3012 963 3059 pars,
975 2992 1158 3063 Λγρυριππανοὶ
1171 3013 1213 3062 sp.

186 3099 226 3131 ro.
239 3085 299 3130 Tum
313 3082 398 3130 labare
414 3088 550 3142 coeperunt,·
562 3076 613 3123 vid.
626 3076 656 3124 sd
702 3074 841 3139 Polybium.

149 3167 185 3221 ΙΙ,
197 3165 242 3225 39,
251 3180 276 3211 n.
285 3178 309 3224 9.
318 3164 356 3210 Ex
364 3161 426 3208 Mss
436 3156 564 3221 legendum
574 3155 657 3220 potius
740 3169 779 3200 12.
795 3151 913 3198 Samnites
922 3151 1016 3215 praeter'
1027 3151 1128 3197 Pentros
1134 3168 1146 3206 ,·
1157 3150 1215 3199 vide

148 3260 204 3290 cum
215 3242 344 3291 Gronovio
357 3251 382 3288 et
391 3238 489 3286 Salmas.
499 3236 542 3283 vel
550 3234 659 3282 declaret
702 3232 734 3279 ad
742 3234 794 3290 IX,
805 3232 846 3289 31,
854 3246 881 3277 n.
890 3230 914 3277 3.
924 3231 1018 3275 Proeter
1026 3227 1146 3275 Petelinos
1156 3227 1214 3278 edd.

143 3321 222 3386 fides,
236 3333 277 3369 ant
289 3321 333 3368 vel
336 3319 404 3385 fides
419 3315 514 3365 indicat
523 3312 657 3370 sociorum,
703 3323 759 3359 ante
771 3312 849 3358 Gron.
861 3318 941 3366 recte,
955 3306 1059 3371 opinor,
1073 3306 1094 3352 si
1104 3307 1216 3367 junxeris

152 3415 208 3461 quoe
219 3399 318 3447 adeam
329 3399 393 3446 diem
396 3396 476 3465 firma
489 3403 599 3449 steterat,
610 3404 661 3440 tum
705 3406 761 3437 cum
776 3387 876 3452 Sigonio
886 3395 978 3449 preter
993 3385 1114 3432 Petelinos
1126 3384 1217 3433 Bruttii

153 3476 238 3524 labare
251 3477 335 3539 coepit,
345 3487 392 3524 etc.
705 3484 795 3516 omnes.
811 3465 884 3516 conf.
894 3465 998 3522 XXIII,
1008 3479 1049 3510 20.

190 3569 230 3602 11.
248 3552 362 3619 Defecere
379 3564 461 3601 autem
479 3551 516 3599 ad
532 3553 618 3598 Poenos
636 3547 663 3596 lrt'
743 3549 783 3595 13.
802 3548 896 3595 Prceter
914 3542 958 3590 lios
976 3542 1126 3599 Surrentini,
1138 3542 1215 3591 immo

147 3633 250 3698 populi,
265 3643 327 3688 etc,
340 3646 394 3679 non
410 3631 492 3679 subito
505 3644 604 3686 omnes,
618 3628 661 3676 sed
705 3623 850 3674 Sallentini:
864 3639 919 3670 nam
932 3622 974 3669 isti
987 3621 1129 3668 debuissent
1139 3621 1216 3669 nomi·

151 3709 359 3777 quietissimum,
374 3709 661 3776 quid-›postennm
704 3705 758 3752 nari
776 3713 834 3768 post
854 3700 994 3757 caterinen
1008 3700 1157 3748 GronovIus.
1176 3699 1215 3750 cf.

151 3803 180 3839 ut
192 3790 366 3840 Crotonienses
379 3787 498 3850 Locrique
515 3786 550 3851 (v.
559 3787 661 3847 XXIII,
705 3783 800 3833 Camilli
815 3785 910 3845 Peregr.
926 3779 957 3827 de
973 3779 1055 3843 Capua
1070 3779 1134 3828 Diss.
1149 3794 1216 3827 s.-

155 3871 200 3928 30,
215 3880 239 3917 et
251 3869 347 3926 XXIV,
359 3862 427 3927 1-3),
437 3864 538 3914 blennio
549 3876 606 3929 post
615 3865 662 3912 Ta·
705 3863 738 3910 Et
759 3862 899 3909 Groeeorum
919 3857 996 3906 omnis
1006 3856 1063 3922 fere
1082 3873 1142 3915 orn,
1161 3872 1217 3922 qun

153 3947 244 3994 rentini
254 3946 320 4010 (vide
330 3945 428 4003 XXIV,
441 3943 496 4010 13),
506 3955 593 4007 quarto
605 3954 663 4008 post
705 3941 809 3998 XXXI,
823 3955 847 4000 7,
861 3936 1000 3985 distinction
1011 3935 1100 3984 dicitur
1112 3953 1158 3984 ora
1172 3935 1216 3985 illa

154 4026 219 4073 anno
228 4027 385 4089 Metapontus
394 4021 547 4071 achrurium
558 4019 619 4087 (vid.
630 4021 662 4070 ed
706 4019 801 4077 Italic,
814 4033 889 4084 qnam
901 4015 1023 4082 Majorenr
1039 4015 1162 4065 Groecians
1173 4029 1217 4079 ve

153 4103 238 4163 XXV,
252 4101 307 4169 15),
319 4118 365 4152 nec
380 4116 462 4151 omnes
475 4100 566 4150 Bruttii
578 4099 662 4168 (Pete-
706 4109 774 4149 eant.
