2782 4568
192 261 314 364 agga
352 281 447 348 nia.
472 279 599 346 xxn.
625 278 730 345 ela.
753 277 894 345 xxrv.
916 278 1034 348 xxv.
1155 280 1224 378 189

165 403 322 485 Samnio,
332 400 433 494 jussu
444 396 627 467 dictatoris
637 410 719 466 octo
728 397 839 470 millia
849 397 1028 495 peditum,
1040 412 1077 468 et
1086 403 1226 496 equites

166 513 384 609 quingentos
403 509 596 579 ducentem
611 510 648 577 in
666 521 796 594 castra,
808 508 854 580 ab
870 523 972 606 tergo
987 536 1100 607 quum
1116 537 1226 612 appa-

164 623 293 692 ruisset
319 619 530 706 Hannibali,
558 619 714 716 speciem
741 620 834 714 parti
858 623 1003 718 utrique
1031 622 1227 719 praebuisse

163 732 249 800 novi
268 730 439 827 praesidii,
464 754 545 800 cum
563 732 606 819 Q.
622 726 731 798 Fabio
750 753 770 798 a
787 733 900 798 Roma
915 734 1089 803 venientis
1105 761 1113 802 :
1129 740 1227 806 Han·

94 922 99 940 Ny
164 839 320 911 nibalem
331 840 541 911 insidiarum
552 864 700 936 quoque
710 839 846 936 aliquid
856 841 1040 910 timentem
1049 848 1227 946 recepisse

163 974 266 1021 suos:
281 956 483 1021 Romanum
494 952 748 1047 insequutum‚
759 949 952 1044 adjuvante
963 954 1141 1045 Samnite,
1152 956 1226 1029 duo

162 1061 308 1131 castella
324 1085 367 1132 eo
386 1060 444 1131 die
464 1084 687 1157 expugnasse
708 1087 716 1129 :
737 1085 800 1130 sex
817 1061 927 1141 millia
942 1059 1101 1134 hostium
1120 1092 1226 1158 caesa,

162 1172 326 1266 quinque
340 1169 537 1241 admodum
553 1176 837 1240 Romanorum1²
852 1199 860 1241 :
874 1185 994 1243 tamen
1008 1175 1046 1245 in
1060 1189 1132 1247 tam
1149 1179 1228 1275 pari

162 1304 278 1378 prope
299 1280 399 1352 clade
423 1278 555 1350 famam
576 1280 725 1376 egregiae
742 1280 898 1351 victoriae
917 1305 1001 1352 cum
1017 1284 1227 1358 vanioribus

161 1390 273 1462 literis
286 1391 446 1487 magistri
465 1391 632 1486 equitum
648 1394 799 1460 Romam
815 1390 998 1487 perlatam.
1207 1462 1210 1467 ,
1251 1467 1254 1470 ,

209 1505 320 1573 XXV.
339 1504 394 1571 De
413 1498 469 1571 his
483 1498 593 1571 rebus
613 1523 771 1597 persaepe
786 1512 822 1570 et
840 1501 879 1569 in
894 1514 1019 1572 senatu
1034 1514 1070 1571 et
1083 1503 1122 1574 in
1136 1527 1224 1575 con-

161 1613 266 1683 cione
287 1624 406 1682 actum
429 1625 493 1682 est.
521 1616 661 1702 Quum,
681 1612 760 1681 laeta
778 1611 934 1697 civitate,
958 1610 1111 1683 dictator
1129 1639 1226 1687 unus

160 1721 252 1793 nihil
277 1745 345 1793 nec
369 1719 488 1810 samae,
511 1746 579 1792 nec
603 1719 713 1791 literis
737 1719 918 1808 crederet;
939 1735 980 1789 ut
997 1745 1081 1792 vera
1103 1725 1226 1795 omnia

162 1822 280 1903 essent
291 1841 317 1918 ¹,
337 1831 495 1903 secunda
511 1856 548 1903 se
566 1833 697 1928 magis,
713 1855 823 1928 quam
841 1831 1005 1920 adversa,
1025 1833 1151 1906 timere
1171 1835 1225 1906 di·

161 1956 276 2030 ceret;
295 1955 373 2011 tum
391 1946 439 2011 M.
457 1941 637 2013 Metilius²
653 1939 823 2011 tribunus
844 1938 981 2038 plebis,
1000 1940 1042 2011 id
1059 1947 1157 2014 enim
1165 1945 1226 2037 fe

161 2051 313 2123 rendum
327 2075 401 2120 esse
411 2065 517 2148 negat
525 2048 552 2121 ³.
565 2057 652 2124 Non
661 2066 876 2146 praesentem
888 2049 1006 2121 solum
1015 2050 1225 2123 dictatorem

161 2161 331 2232 obstitisse
342 2165 395 2230 rei
411 2159 501 2230 bene
512 2159 703 2258 gerendae,
717 2161 781 2230 sed
790 2160 974 2230 absentem
991 2166 1100 2230 etiam
1112 2175 1231 2257 gestae

162 2270 332 2342 obstare:
357 2286 393 2340 et
408 2276 444 2341 in
465 2269 631 2341 ducendo
649 2269 745 2341 bello
767 2268 895 2340 sedulo
916 2272 1073 2366 tempus⁴
1092 2285 1222 2356 terere,
1324 2309 1325 2312 ¹

161 2405 233 2477 quo
254 2380 387 2451 diutius
404 2387 441 2450 in
459 2387 670 2478 magistratu
686 2386 746 2468 sit,
761 2379 930 2475 solusque
945 2395 982 2452 et
991 2385 1119 2452 Romae
1137 2396 1173 2451 et
1186 2387 1224 2450 in

161 2497 314 2561 exercitu
328 2496 518 2587 imperium
531 2491 677 2562 habeat.
699 2495 840 2588 Quippe
851 2489 1038 2562 consulum
1047 2484 1062 2530 ⁵
1071 2489 1224 2562 alterum

160 2603 195 2668 in
213 2605 290 2669 acie
307 2601 493 2686 cecideram
514 2599 667 2672 alterum
676 2656 687 2688 ,
706 2608 823 2698 specie
839 2599 961 2673 classis
970 2606 1120 2698 punieae
1134 2626 1224 2698 per·

161 2709 354 2804 sequendce
361 2765 377 2799 ‚,
383 2708 522 2807 procul
536 2711 585 2780 ab
603 2711 715 2782 Italia
732 2710 949 2807 ablegatum.
966 2715 1072 2781 Duos
1085 2726 1225 2808 praeto-

198 2935 237 2968 12.
247 2921 357 2987 Quinque
368 2920 614 2987 (millia)admodum
622 2923 668 2969 Ilo·
712 2939 810 2980 veram,
832 2921 860 2988 b)
882 2921 1014 2969 minuenda
1035 2922 1087 2982 ejus
1107 2922 1225 2986 magnim-

159 3015 287 3048 manorum
293 3021 303 3059 ;
315 3003 413 3049 vidend
424 3004 502 3060 xm,
513 3002 558 3060 36,
571 3017 597 3048 n.
608 3002 632 3050 3.
714 3001 783 3060 dine,
796 3005 820 3066 e)
832 2999 988 3064 prohibendo
1003 3001 1055 3060 ejus
1067 2999 1175 3060 honore,
1187 3016 1223 3065 qs

193 3080 255 3127 Cn.
270 3082 355 3127 XXV.
368 3097 389 3128 1.
411 3083 442 3127 Ut
455 3096 524 3144 vera!
536 3078 618 3126 omnia
632 3094 668 3126 es·
714 3078 811 3128 efficere
823 3079 886 3127 velle
898 3094 950 3126 non
963 3089 1073 3141 gestam
1086 3101 1098 3119 n
1111 3079 1198 3127 Bauer.

158 3168 226 3214 tenu
235 3159 292 3206 vide
307 3159 338 3206 nd
353 3162 393 3219 11,
409 3160 456 3218 38,
469 3175 495 3206 n.
511 3159 535 3206 3.
551 3160 594 3206 Est
608 3174 668 3205 vero
748 3166 772 3212 4.
781 3160 811 3204 In
821 3156 931 3204 ducendo
942 3156 1003 3202 bello
1014 3168 1105 3221 tempus
1114 3158 1224 3216 trahem

158 3236 296 3300 asyndeton
315 3239 425 3301 elegans,
441 3255 486 3285 nec
504 3253 567 3301 opus
585 3248 609 3283 et
625 3236 669 3284 ad·
712 3236 770 3284 vide
785 3237 817 3284 ad
832 3237 882 3295 111,
900 3242 948 3294 tx,
962 3250 987 3281 n.
1004 3250 1027 3295 7.
1046 3235 1108 3283 Sane
1123 3237 1149 3283 in
1162 3237 1224 3286 bello

159 3313 284 3363 densante
295 3328 336 3373 ut‚·
347 3317 427 3364 Gron.
715 3314 838 3371 ducendo,
852 3328 928 3376 qnum
942 3314 1016 3361 semel
1032 3325 1167 3379 occupatur
1181 3316 1227 3364 ali·

193 3396 266 3442 n.M.
277 3395 459 3454 Metilius,non
466 3395 587 3444 Metellus.
598 3394 670 3444 eous.
716 3394 771 3457 quis
791 3409 821 3440 eo
841 3392 976 3452 trahendo,
993 3404 1088 3457 tempus
1108 3395 1154 3442 teri
1174 3411 1226 3443 non

158 3472 280 3522 Plutarch.
290 3475 347 3523 aab.
358 3493 384 3539 p.
396 3479 453 3536 ¹58·
464 3503 500 3512 -
509 3477 589 3536 Hujus
599 3474 671 3521 Meci·
715 3484 809 3538 potest3
819 3484 844 3521 at
855 3473 965 3520 ducendo
975 3474 1020 3520 teri
1030 3485 1124 3538 potest,
1135 3485 1164 3522 nt
1173 3491 1225 3523 mo·

159 3549 271 3608 1tt,eum
286 3555 314 3600 L.
332 3555 437 3602 Laetorio
454 3555 542 3618 legati,
561 3552 672 3601 meminit
716 3552 762 3601 dns
774 3551 870 3601 terendi
887 3553 1004 3616 temporis
1018 3564 1168 3616 exponatur:
1181 3554 1226 3602 ita·

159 3629 233 3677 etiarn
243 3630 287 3680 lib.
298 3634 382 3691 XXV,
397 3649 438 3680 αα.
450 3634 496 3680 En.
716 3650 764 3697 que
775 3632 872 3681 delend.
883 3632 923 3688 in,·
931 3633 1045 3689 Bnuerus,
1056 3637 1128 3681 Forte
1139 3648 1186 3696 pro
1199 3633 1225 3680 in

195 3709 219 3755 3.
241 3709 275 3756 Id
289 3711 352 3757 enim
362 3710 494 3775 ferendum
512 3727 562 3760 esse
580 3723 655 3775 negat
661 3730 672 3768 ,-
715 3711 762 3775 leg.
773 3712 817 3760 ita.

159 3785 217 3836 vide
233 3789 265 3835 ad
278 3792 332 3847 111,
352 3792 397 3854 39,
411 3807 436 3837 n.
450 3792 474 3837 8.
493 3813 506 3831 α
515 3791 555 3839 oh
570 3803 673 3853 sequens
753 3792 778 3838 5.
793 3789 922 3836 Consulum
935 3789 1039 3837 alterum
1046 3825 1054 3847 ,
1067 3791 1226 3851 Flaminium,

160 3865 352 3932 eonferendum
360 3880 417 3934 post
425 3869 593 3917 enimvidetur
601 3871 674 3917 omis·
717 3869 832 3925 alienam,
849 3867 894 3916 Cn.
907 3869 1049 3929 Servilium,
1062 3870 1141 3934 specie
1156 3869 1226 3934 (vide

162 3959 216 3991 sum
225 3960 298 4004 vero,
309 3958 352 3994 aut
362 3947 392 3994 nh
403 3948 458 4011 ipso
470 3948 553 4007 Livio,
566 3959 608 3995 eut
619 3965 632 3995 a
643 3949 673 3995 li·
718 3947 749 3995 nd
762 3949 801 4006 Η,
816 3948 862 4005 32,
874 3963 900 3995 n.
911 3945 939 4010 2)
951 3948 1152 4012 elassis'punicoe,
1164 3961 1226 4000 ete-z

163 4021 258 4073 lareriis.
277 4026 378 4075 Obstare
392 4025 429 4074 rei
444 4026 469 4095 a)
483 4043 535 4075 non
552 4027 674 4077 credendo
718 4027 775 4075 vide
789 4042 842 4090 sup.
854 4041 875 4073 c.
886 4040 926 4073 11.
