2782 4568
206 343 251 413 ea
635 343 673 406 r.
699 341 835 408 Ltvll
1120 317 1180 418 lit
1194 319 1238 426 ζῇς

184 442 279 534 ’νιήι
300 464 457 556 experiri
472 463 692 528 Poenorum:
714 465 833 554 itaque
858 457 1066 527 obedienter
1087 462 1266 554 imperata

194 574 380 666 facturos:
396 582 650 654 commeatum,
670 572 876 663 itinerisque
894 567 1020 652 ducet,
1038 583 1073 637 et
1086 568 1267 663 udfidem

199 685 457 779 promissorum
476 676 618 746 obsides
636 683 822 773 acciperet.
843 676 1022 747 Hannibal
1043 701 1112 747 nec
1131 692 1266 753 temere

204 784 405 874 credendo,
426 811 494 857 nec
513 784 777 882 aspernand0³,
796 812 842 857 ne
859 786 1039 884 repudiati
1057 802 1180 884 aperte
1199 789 1266 860 ho-

205 915 276 972 stes
294 897 443 986 fierent,
463 896 619 993 benigne
643 922 758 992 quum
779 897 1041 994 respondisset,
1061 897 1266 982 obsidibus,

204 1036 297 1108 quos
315 1008 468 1093 dabant,
493 1009 666 1104 acceptis,
687 1022 722 1077 et
743 1023 965 1096 commeatu,
988 1033 1098 1103 quem
1116 1010 1153 1078 in
1172 1010 1266 1079 viam

203 1123 272 1220 ipsi
292 1119 514 1206 detulerant,
536 1142 641 1207 usus,
664 1142 911 1219 nequaquam,
934 1132 975 1188 ut
990 1120 1085 1189 inter
1105 1133 1266 1216 pacatos,

203 1233 444 1329 incomposito
467 1230 607 1326 agmine
632 1228 742 1299 duces
766 1253 892 1300 eorum
913 1230 1086 1324 sequitur.
1110 1230 1267 1301 Primum

204 1367 334 1439 agmen
353 1339 538 1438 elephanti
557 1352 593 1408 et
615 1339 754 1433 equites
772 1354 893 1409 erant:
913 1340 989 1436 ipse
1009 1353 1091 1436 post
1111 1364 1191 1410 cum
1211 1365 1268 1410 ro·

204 1452 294 1523 bore
318 1450 499 1548 peditum,
520 1451 823 1549 circumspectans
843 1450 1088 1547 sollicitusque
1111 1452 1267 1537 omnini,

205 1560 404 1633 incedebat.
431 1558 502 1631 Ubi
526 1561 566 1627 in
590 1560 834 1654 angustiorem
851 1561 946 1629 viam
969 1574 1135 1657 exparte
1158 1560 1268 1630 altera

206 1671 407 1765 subjectam
420 1671 509 1764 jugo
526 1671 675 1762 insuper
690 1669 894 1755 imminenti
909 1683 1058 1738 ventum
1073 1685 1145 1758 est,
1162 1670 1268 1741 undi-

206 1805 278 1876 que
300 1805 344 1849 ex
365 1777 502 1846 insidiis
522 1774 667 1845 barbari
685 1800 705 1844 a
723 1774 861 1861 fronte,
880 1775 925 1845 ab
942 1792 1045 1872 tergo
1061 1782 1194 1868 coorti,
1212 1805 1270 1851 co·

205 1890 325 1960 minus
342 1888 482 1956 eminus
500 1900 650 1982 petunt:
673 1909 754 1954 saxa
772 1885 931 1980 ingentia
948 1887 986 1953 in
1002 1910 1129 1982 agmen
1146 1888 1269 1960 devol-

206 2012 317 2070 vunt:
337 1996 491 2064 maxima
509 1993 555 2064 ab
575 2008 678 2090 tergo
692 1994 745 2063 vis
762 1993 952 2061 hominum
969 1992 1130 2089 urgebat.
1147 2000 1189 2065 ln
1208 2022 1271 2069 eos

208 2134 310 2180 versa
338 2105 502 2205 peditum
526 2105 619 2174 acies
643 2103 740 2174 haud
764 2102 917 2173 dubium
942 2102 1046 2193 lecit,
1071 2107 1179 2201 quin,
1202 2111 1271 2179 nisi

208 2217 348 2289 firmata
366 2212 526 2286 extrema
544 2215 693 2309 agminis
704 2209 718 2254 ⁵
731 2211 901 2299 luissent,
918 2215 1044 2310 ingens
1059 2216 1098 2287 in
1117 2242 1161 2287 eo
1179 2217 1272 2288 saltu

183 2334 187 2339 ’
210 2327 417 2424 accipienda
436 2323 553 2395 clades
573 2323 692 2394 fuerit.
710 2328 810 2393 Tunc
832 2348 982 2419 quoque
1005 2325 1048 2395 ad
1068 2342 1270 2398 extremum

211 2437 380 2535 periculi,
398 2461 438 2505 ac
454 2460 570 2531 prope
589 2434 785 2532 perniciem
802 2448 951 2504 ventum
973 2432 1044 2506 est:
1063 2462 1163 2525 nam,
1183 2438 1271 2508 dum

211 2561 402 2617 cunctatur
424 2543 604 2616 Hannibal
626 2543 815 2616 demittere
839 2543 993 2642 agmen6
1013 2549 1050 2616 in
1072 2549 1270 2644 angustias,

208 2717 324 2764 barbaros
334 2732 392 2764 mox
404 2727 503 2764 coortos
516 2717 586 2765 dicit.
600 2717 719 2766 Caeterum
763 2717 801 2774 11,
814 2723 847 2777 49
859 2714 923 2780 pn),
934 2728 958 2764 et
966 2717 997 2764 ad
1008 2716 1165 2780 pugnandum
1176 2731 1271 2781 parato,

210 2795 240 2842 ad
252 2795 300 2841 hoc
311 2811 364 2858 cap.
377 2790 442 2842 conf.
454 2795 541 2859 Polyb.
556 2797 610 2855 111,
626 2797 666 2843 52.
762 2810 851 2858 pugnae
863 2796 939 2859 magis
950 2813 1022 2859 quam
1032 2796 1115 2844 itineri
1123 2809 1190 2861 apto.
1199 2799 1271 2848 Conf.

221 2882 224 2887 '
246 2875 271 2920 3.
286 2872 415 2920 Hannibal
426 2888 470 2918 nee
486 2884 573 2920 temere
585 2875 717 2932 credendo,
763 2874 796 2920 ad
807 2877 904 2942 XXIV,
919 2883 966 2933 nt,
979 2892 1004 2923 n.
1018 2893 1042 2924 α.
1162 2924 1164 2929 f

210 2968 254 3000 nec
263 2951 416 3016 aspernando
424 2985 429 2998 .
436 2986 442 2997 .
449 2985 455 2997 .
461 2969 535 3014 quum
544 2953 718 3016 respondisset,
800 2961 824 3008 4.
840 2953 1042 3017 Circumspectans
1051 2957 1213 3020 sollicitusque
1223 2975 1273 3008 om·

210 3048 256 3096 pro
276 3031 375 3077 credens
395 3041 419 3077 et
439 3043 581 3092 aspernatus
588 3050 598 3087 ,·
616 3031 673 3078 vide
689 3031 721 3078 ad
764 3032 822 3088 nia,·
836 3032 892 3079 vide
905 3033 936 3079 ad
946 3037 973 3093 1,
988 3035 1035 3093 25,
1048 3053 1073 3082 n.
1084 3037 1107 3083 5.
1123 3036 1173 3084 Alii
1183 3038 1272 3084 sollici-

211 3113 239 3169 1,
251 3112 278 3169 8,
292 3120 345 3156 not.
358 3116 382 3162 4.
394 3135 429 3142 -
443 3108 584 3165 Obsidibus,
600 3125 660 3171 quos
676 3109 721 3156 da·
768 3121 819 3167 tus,
837 3112 905 3174 quod
918 3124 969 3160 tum
982 3115 1055 3177 paulo
1069 3116 1153 3163 dunos
1165 3117 1272 3180 positum

212 3190 288 3245 bant;
301 3186 357 3234 vide
370 3186 403 3232 ad
414 3188 464 3243 III,
476 3200 519 3246 π,
531 3196 584 3233 not.
596 3187 619 3232 3.
629 3213 664 3222 -
677 3188 723 3233 Ne·
767 3205 813 3252 pro
826 3191 995 3240 sollicite..·in
1011 3195 1172 3258 angustiorem
1186 3195 1270 3252 uiam,

212 3284 351 3332 quaquam,
367 3276 394 3312 nt
407 3265 469 3312 inter
480 3276 586 3328 pacatos
604 3265 676 3326 (vide
691 3265 722 3313 ad
767 3282 814 3319 etc.
839 3269 959 3339 Φάραγγαί
987 3292 1042 3324 τινα
1074 3268 1198 3326 itabens
1230 3274 1272 3326 nel

213 3349 252 3403 ΙΙ,
264 3347 306 3408 59,
314 3361 340 3392 n.
349 3342 387 3406 5),
397 3344 554 3406 incomposito
566 3343 679 3408 agmine:
688 3345 722 3391 ita
767 3343 897 3416 κρημνώὲη
912 3353 980 3416 apud
990 3356 1077 3418 polyb,
1088 3376 1128 3388 -
1136 3359 1198 3418 περ
1212 3354 1274 3402 insu.

213 3425 284 3471 multi
306 3425 369 3470 MSS
387 3433 412 3469 et
433 3421 490 3471 edd.
508 3433 568 3469 antt.
584 3434 611 3470 ut
630 3439 722 3485 nequa·
761 3442 809 3488 per
821 3426 967 3485 imminenti,
984 3429 1247 3497 desuper,supraeoe.

212 3519 288 3565 qnam
301 3500 457 3563 incomposito
473 3501 614 3562 jungantur.
632 3501 722 3548 Confer
802 3504 826 3550 5.
846 3504 955 3552 u'rmaea
971 3518 1082 3556 extrema
1094 3511 1197 3576 agminis
1210 3511 1274 3576 (uni-

212 3581 301 3645 Polyb.
310 3579 384 3642 Vulg.
402 3577 552 3647 composito,
571 3577 655 3624 eadem
670 3594 722 3624 sen·
765 3581 829 3626 versi
842 3583 962 3630 exercitus
978 3588 1162 3654 procedentis),
1178 3593 1203 3638 e't
1217 3607 1276 3638 mox

212 3659 304 3717 tentia,
320 3657 366 3704 sed
381 3656 465 3703 durius
479 3671 592 3718 expressa
609 3670 721 3719 :nequet-
766 3659 803 3704 ad
817 3671 949 3707 extremum
963 3665 1082 3726 periculi;
1095 3669 1179 3716 confer
1191 3669 1223 3715 ad
1235 3672 1275 3730 II,

212 3752 287 3798 quam
301 3735 372 3782 duces
386 3751 469 3781 eorum
483 3733 604 3797 seqnitur,
623 3744 651 3779 nt
661 3733 723 3780 inter
768 3735 813 3794 56,
828 3753 852 3784 n.
868 3747 891 3793 1¹4.

207 3824 326 3877 pacatos,
337 3829 352 3859 a
363 3813 451 3875 quibus
459 3811 522 3860 nihil
532 3812 660 3869 metuitur,
669 3811 723 3859 fieri
802 3815 826 3861 6.
844 3819 937 3880 Agmen
955 3819 1079 3869 demittere
1092 3824 1116 3870 in
1134 3824 1282 3887 angustias„

212 3891 274 3939 solet
286 3902 310 3938 et
319 3901 415 3953 potest,
427 3890 478 3938 soil.
488 3891 645 3954 negligenter,
656 3891 722 3938 orili-
743 3916 746 3921 ·
766 3906 796 3943 nt
810 3897 917 3947 καθιέναι
929 3903 996 3965 apud
1009 3905 1096 3967 Polyb.
1112 3906 1169 3964 ΙΙΙ,
1186 3923 1233 3967 70,
1248 3925 1275 3957 n.

212 3970 334 4031 nibusque
345 3968 430 4015 solutis
440 3968 523 4032 (conf.
534 3971 650 4028 XXVII,
662 3967 721 4032 ab),
769 3975 875 4032 113111,
888 3992 934 4037 92,
948 3995 973 4024 n.
985 3996 1008 4040 7,
1021 3979 1147 4027 Dimittere
1155 3981 1183 4029 in
1195 3986 1275 4032 omni.

212 4047 255 4098 ted
269 4046 365 4111 agmine
376 4047 520 4109 composito,
542 4048 661 4095 instructo
678 4049 722 4110 (ut
765 4049 812 4099 hus
823 4052 873 4100 fere
885 4055 947 4104 MSS
959 4069 984 4106 et
997 4057 1067 4116 edd,
1078 4070 1168 4123 praeter
1181 4063 1274 4124 (lion.⁴
