2782 4568
1123 308 1150 345 Δ.
1164 305 1189 345 C.
1205 306 1258 348 na

209 333 280 424 tat
637 333 675 398 r.
709 331 847 398 mvn
1122 365 1257 408 uec..

207 453 324 522 niunt.
350 449 494 522 Placere
510 453 606 521 enim
626 450 694 521 sibi
710 449 950 521 defectionem
972 447 1015 518 ad
1035 447 1283 520 Hannibalem

206 562 400 634 simulant:
416 562 550 657 quibus
569 577 689 633 autem
708 558 977 633 conditionibus
996 561 1034 628 in
1055 557 1176 628 foedus
1195 559 1283 627 ami·

206 673 399 770 citiamque
418 697 549 742 novam
570 685 773 758 transeant,
792 695 920 768 parum
935 683 1111 739 constare.
1127 673 1182 737 Ita
1196 692 1279 765 spa·

206 784 259 852 tio
278 797 447 879 sumpto,
473 783 608 878 legatos
630 807 786 880 propere
806 781 849 852 ad
873 796 1064 879 praetorem
1082 801 1280 849 romanum
1320 774 1326 787 ’

207 891 418 963 Marcellum
434 891 624 962 Claudium
634 902 663 980 9,
674 893 737 990 qui
752 892 897 963 Casilini
911 916 993 961 cum
1008 891 1167 962 exercitu
1182 904 1278 980 erat,

207 1004 376 1089 mittunt,
396 1001 619 1100 docentque,
640 1017 777 1100 quanto
795 1005 833 1072 in
856 1001 1060 1072 discrimine
1079 1002 1123 1070 sit
1141 1001 1303 1071 nolana.

206 1135 280 1195 res;
295 1136 421 1208 agrum
441 1113 649 1183 Hannibalis
666 1138 761 1200 esse,
780 1127 816 1184 et
830 1118 1047 1197 Poenorum3
1066 1111 1197 1182 urbem
1217 1136 1278 1182 ex·

205 1220 343 1316 templo
361 1219 539 1309 futuram,
559 1224 596 1291 ni
615 1222 877 1294 subveniatur:
900 1221 1136 1293 concedendo
1155 1220 1279 1319 plebei

184 1336 395 1417 sensuum,
417 1328 478 1398 ubi
498 1331 628 1414 velint,
647 1329 853 1403 defecturos
870 1358 926 1417 se;
944 1358 991 1402 ne
1009 1330 1164 1403 deficere
1184 1356 1278 1429 prae-

207 1437 439 1528 festinarent,
459 1438 631 1511 effecisse.
651 1441 861 1524 Marcellus,
877 1440 1088 1512 collaudatis
1109 1434 1277 1532 Nolanis,

210 1550 336 1623 eadem
355 1551 584 1622 simulatione
604 1551 743 1621 extrahi
761 1576 837 1623 rem
851 1565 874 1590 ¹⁰
895 1553 933 1621 in
953 1577 1057 1621 suum
1078 1551 1278 1623 adveutum

206 1661 335 1757 jussit:
355 1663 499 1731 interim
518 1661 646 1749 celari,
668 1687 748 1758 quaa
767 1687 891 1733 secum
909 1677 987 1732 acta
1004 1678 1143 1748 essent,
1163 1687 1278 1759 spem-

209 1796 282 1868 que
302 1795 446 1841 omnem
469 1772 592 1841 auxilii
613 1774 765 1841 romani.
786 1779 867 1870 Ipse
887 1798 907 1843 a
928 1772 1084 1844 Casilino
1103 1771 1277 1844 Calatiam

162 1878 165 1883 ’
208 1884 299 1981 petit
323 1909 331 1951 :
357 1895 467 1979 atque
487 1881 595 1971 inde,
616 1883 799 1954 Vulturno
823 1885 920 1954 amni
946 1883 1117 1978 trajecto,
1135 1906 1278 1980 perque

206 2109 253 2157 mis
264 2109 327 2160 Mss
339 2125 393 2158 cum
405 2110 515 2158 Strothio
526 2111 607 2175 recepi
618 2121 718 2159 auctore
763 2109 864 2159 difficile
873 2112 958 2160 fuisset
966 2122 1015 2160 tam
1027 2113 1077 2160 cito
1087 2111 1229 2176 praesidium
1237 2127 1276 2158 ar-

172 2208 174 2213 ·
208 2189 355 2253 Gron.‚qui
368 2200 448 2239 minen
461 2190 578 2239 malebat:
585 2191 719 2254 posse,ob·
763 2206 863 2239 cessere.
871 2193 949 2238 Immo
958 2193 990 2238 ad
1000 2191 1092 2239 tabulas
1102 2191 1276 2254 geographittas

197 2262 364 2316 'secundando
384 2268 526 2316 dilationem
547 2286 579 2317 m.
600 2269 631 2325 ιζ,
652 2269 718 2332 quod
762 2270 940 2334 respiciamus:
961 2270 1028 2333 quod
1048 2282 1127 2318 autem
1144 2269 1275 2317 Marcellus

208 2349 310 2395 omnino
328 2347 435 2394 arridere
447 2349 632 2412 potest'collato
645 2348 718 2394 simili
762 2364 814 2396 non
827 2349 859 2396 ad
871 2349 1004 2397 Catilluum
1014 2348 1163 2396 Vulturnum
1174 2350 1275 2410 trajece-

208 2427 266 2474 loco
287 2427 401 2486 111‚35,
416 2428 550 2491 propalam
569 2427 664 2474 obviam
684 2427 719 2473 ire
763 2428 858 2486 rit,sed
868 2428 899 2474 ad
907 2427 1274 2492 Calatiam‚eausaessepotest,

206 2505 337 2569 cupiditati
345 2522 437 2569 parum
450 2506 516 2562 ausi,
534 2506 718 2552 obsecundando
762 2518 790 2554 nt
813 2508 902 2554 Nolam
922 2519 1026 2570 petens,
1047 2506 1225 2565 Hannibalem,
1247 2507 1275 2554 in

206 2582 307 2649 (blande
316 2583 438 2646 cedendo)
451 2583 544 2630 mollire
554 2584 667 2646 impetam
677 2601 720 2649 ag·
763 2602 822 2650 agro
834 2586 926 2633 nolano
939 2585 1078 2644 sedentem,
1088 2586 1197 2632 evitaret.
1209 2586 1256 2632 En.

204 2661 355 2726 greditmtur.
371 2661 411 2708 Sic
427 2673 451 2708 et
470 2677 548 2708 mox:
565 2663 718 2710 concedendo
801 2681 840 2712 ιο.
854 2665 1012 2712 Simulatioue
1028 2663 1127 2710 extrahi
1141 2679 1191 2710 rem
1197 2681 1208 2720 ;
1222 2663 1273 2712 vict

200 2740 284 2805 plebei
306 2753 431 2796 sertatum,
454 2751 500 2788 etc.
521 2768 557 2776 -
577 2743 649 2788 Suam
669 2742 718 2789 huc
762 2743 793 2790 ad
807 2744 903 2800 11,61‚
918 2760 943 2790 n.
958 2743 982 2789 6.
1001 2744 1064 2791 Mox
1081 2742 1274 2806 Trebianumque

206 2819 309 2883 quisque
325 2820 486 2883 interpretum
503 2823 667 2882 conjecturam
682 2833 718 2870 at·
762 2822 825 2869 Mss
839 2834 863 2870 st
875 2822 931 2870 edd.
943 2833 998 2870 ante
1011 2824 1089 2870 Gran.
1103 2821 1146 2883 qui
1158 2822 1231 2868 tacite
1244 2837 1274 2868 ex

205 2899 359 2962 tulit,quum
368 2900 449 2946 nullus
457 2900 489 2948 sit
498 2899 571 2949 codd.
577 2915 717 2948 consensus.
762 2901 859 2948 emend.
869 2901 975 2951 Cluverii
984 2901 1094 2965 reposuit
1105 2901 1275 2947 Trebulanum·

207 2979 349 3037 Walchitts,
367 2979 468 3027 Emeud.
486 2997 511 3043 p.
525 2978 557 3025 36
576 2996 629 3042 sqq.
648 2980 717 3043 plura
762 2996 821 3043 que,
840 2980 907 3043 quod
925 2981 1033 3037 mireris,
1048 2995 1123 3042 quum
1136 2979 1168 3026 ad
1184 2978 1272 3042 Polyb.

208 3056 303 3104 dehoc
321 3058 377 3105 loco
396 3058 525 3116 disseruit,
541 3058 718 3121 legendumque
762 3060 815 3115 111,
833 3074 879 3120 91,
899 3069 1010 3116 moneat,
1024 3057 1135 3104 Trebiam
1152 3057 1273 3121 oppIdum

206 3148 288 3184 censet
298 3152 304 3184 ε
315 3139 380 3184 clam
392 3136 552 3194 stimulando,
564 3138 589 3183 id
600 3148 648 3195 est,
660 3137 718 3184 dum
763 3136 900 3201 Campaniae
912 3149 969 3201 post
976 3139 1061 3199 jugum
1071 3136 1195 3184 Calliculae
1206 3152 1274 3186 mon-

207 3215 269 3262 olam
278 3216 381 3272 Irritant,
388 3216 565 3280 impelluntque
573 3215 605 3263 ad
611 3216 645 3275 id,
651 3215 718 3279 quod
762 3216 794 3262 tis
805 3217 878 3264 fuisse
893 3216 974 3279 (conf.
984 3214 1016 3263 ad
1027 3217 1118 3272 XXII,
1132 3215 1162 3260 15
1169 3250 1175 3272 ,
1189 3232 1214 3261 n.
1225 3214 1273 3278 4),

124 3344 128 3349 ⁴
209 3293 342 3356 agitabant.
356 3296 401 3341 En.
762 3305 787 3342 et
800 3295 879 3341 adhuc
892 3310 983 3341 nomen
999 3309 1107 3349 servare,
1120 3294 1216 3339 rusticis
1231 3310 1274 3341 au-

243 3389 268 3435 9.
285 3373 428 3419 Marcellum
447 3372 575 3419 Claudium
598 3371 670 3435 (vide
687 3374 718 3421 ad
762 3384 810 3421 tem
824 3373 898 3437 vulgo
907 3373 993 3435 Tregla
1008 3372 1065 3418 dici.
1080 3369 1225 3420 Emendatio
1239 3385 1273 3421 ta-

208 3453 261 3509 111,
275 3466 301 3508 1,
319 3467 345 3500 n.
360 3448 397 3513 ι),
409 3450 453 3512 qui
464 3450 566 3498 Casilini
577 3466 632 3497 eum
649 3467 718 3499 escer-
761 3469 817 3499 men
832 3453 871 3498 illa
885 3451 1020 3514 probabilis
1037 3450 1065 3497 fit
1081 3469 1112 3498 ex
1127 3452 1183 3498 loco
1199 3451 1273 3499 simili

206 3529 255 3576 sita
266 3541 335 3576 erat:
344 3529 370 3574 in
377 3528 522 3591 quibusdam
529 3529 597 3576 libris
605 3529 715 3586 Canusii,
762 3547 815 3595 cap.
831 3531 879 3591 39,
893 3541 1054 3593 transgressus
1067 3531 1211 3577 Vulturnum
1224 3533 1272 3577 Fa·

208 3608 272 3673 proh
296 3610 380 3671 Sigon.
395 3606 450 3654 colt.
468 3609 544 3665 XXI,
558 3608 601 3666 57,
615 3619 639 3655 et
652 3609 716 3656 Plut.
762 3609 814 3656 bias
831 3619 856 3654 et
871 3608 998 3655 Trebulam
1014 3621 1038 3655 et
1054 3610 1186 3657 Saticulam
1204 3611 1273 3657 urbes

206 3687 315 3736 Marcell.
329 3704 354 3751 p.
366 3688 423 3733 302.
436 3685 483 3732 Sed
496 3703 579 3734 omues
593 3688 642 3735 fere
655 3689 717 3734 Mss
761 3686 789 3732 ci
809 3686 877 3749 cepit.
897 3686 1036 3749 Campaniae
1057 3689 1128 3735 etlam
1151 3685 1273 3757 Τριῧοὺλσ.

207 3766 373 3822 adversantur,
380 3776 403 3811 et
411 3765 541 3812 Marcellus
548 3767 654 3814 Canusio
663 3782 718 3830 pro-
761 3763 881 3828 oppidum
899 3780 912 3810 a
932 3767 1011 3824 Ptol,
1024 3767 1164 3814 trebulauus
1181 3783 1241 3832 ager
1258 3785 1272 3815 a

207 3844 285 3893 ficisci
297 3846 379 3908 potuit
388 3844 529 3893 Casilinum.
539 3873 573 3880 —
583 3846 650 3893 Alias
659 3861 718 3908 quo·
762 3844 880 3892 Cicerone
891 3843 922 3890 ad
932 3846 1023 3902 Auv,
1033 3861 1047 3891 a
1059 3862 1094 3906 sq.
1106 3856 1129 3892 et
1143 3847 1274 3895 Trebulani

208 3939 256 3987 que
270 3924 376 3971 rationes
390 3924 440 3970 huc
453 3924 542 3985 adjecit
557 3925 645 3982 Diale,
659 3924 716 3987 quia
761 3922 907 3969 Baliuienses
926 3939 939 3970 a
958 3924 1052 3982 Plinio,
1069 3926 1119 3982 III,
1135 3925 1150 3971 5
1158 3959 1165 3982 ,
1183 3942 1226 3972 seu
1239 3943 1271 3989 9,

206 4002 338 4051 Canusium
349 4002 446 4064 lougius
457 4019 528 4065 quam
540 4001 716 4051 Casilinumab
760 4001 918 4063 assignantur.
927 4003 999 4052 Cous.
1007 4019 1079 4066 supra
1089 4002 1118 4050 ad
1130 4003 1222 4057 librum
1232 4007 1273 4063 X,

207 4081 267 4131 urbe
277 4080 340 4127 sota
351 4081 435 4140 distat,
446 4081 511 4130 unde
522 4082 616 4131 senatui
624 4081 716 4130 nolano
759 4096 813 4146 cap.
826 4096 852 4139 1,
866 4096 892 4131 n.
903 4095 928 4136 a,
