2782 4568
196 246 321 354 4434
413 265 562 333 LIBER
587 264 690 330 xxi.
718 263 820 331 cir.
849 266 989 332 xmrr.
1184 267 1226 362 87

170 401 350 484 «urgent,
371 388 429 456 vix
453 387 600 482 integris
622 384 724 464 vobis
750 408 789 455 ac
812 383 1040 480 vigentibus⁵
1062 376 1228 458 transita.

168 529 185 563 α
199 500 265 570 Hic
288 498 506 570 vincendum
530 510 592 566 aut
616 494 864 584 moriendum,
890 496 1041 581 milites,
1065 512 1138 586 est,
1163 497 1229 568 ubi

168 636 185 669 «
198 608 353 702 primum
380 605 475 675 hosti
489 607 716 676 occurristis.
742 611 786 678 Et
809 606 933 677 eadem
961 605 1125 693 fortuna,
1148 633 1228 702 quae

167 717 444 788 «necessitatem
471 716 655 813 pugnandi
678 717 867 812 imposuit,
889 718 1034 813 praemia
1061 715 1163 786 vobis
1189 742 1230 788 ea

167 857 183 890 «
197 825 392 896 victoribus
406 828 598 924 proponit,
609 825 742 921 quibus
756 827 929 924 ampliora
942 826 1107 897 homines
1123 852 1168 898 ne
1183 826 1228 897 ab

167 937 264 1008 «diis
283 938 431 1034 quidem
449 937 711 1008 immortalibus
729 950 854 1033 optare
872 936 998 1007 solent.
1021 938 1057 1006 Si
1076 936 1229 1006 Siciliam

166 1060 336 1137 «tantum
364 1072 405 1118 ac
432 1046 651 1135 Sardiniam,
674 1045 884 1144 parentibus
908 1048 1040 1117 nostris
1069 1061 1228 1144 ereptas,

166 1187 182 1220 «
196 1171 318 1228 nostra
328 1160 460 1230 virtute
474 1158 720 1253 recuperaturi
734 1179 909 1245 essemus,
923 1159 1005 1227 satis
1022 1172 1142 1227 tamen
1157 1182 1229 1228 am-

165 1267 254 1363 «pla
277 1269 393 1365 pretia
414 1280 542 1338 essent.
566 1265 753 1363 Quidquid
777 1269 930 1338 Romani
957 1281 1012 1337 tot
1036 1266 1228 1364 triumphis

164 1392 340 1474 «partum
358 1392 643 1475 congestumque
659 1374 864 1475 possident,
886 1376 924 1446 id
943 1401 1050 1446 omne
1068 1391 1227 1448 vestrum

164 1515 181 1550 «
194 1510 277 1556 cum
292 1489 378 1583 ipsis
393 1487 547 1559 dominis
562 1486 726 1558 futurum
740 1501 802 1558 est.
818 1493 862 1557 In
877 1487 969 1557 hanc
984 1503 1057 1557 tam
1069 1489 1227 1584 opimam

156 1624 180 1695 ¹«
194 1596 414 1685 mercedem,
427 1599 536 1694 agite,
551 1624 633 1669 cum
647 1598 713 1668 diis
727 1597 821 1669 bene
834 1597 1042 1691 juvantibus
1058 1623 1155 1668 arma
1171 1622 1226 1668 ca·

162 1708 281 1802 «pite.
310 1709 399 1777 Satis
420 1707 536 1778 adhuc
557 1711 594 1778 in
615 1711 721 1779 vastis
739 1710 930 1779 Lusitaniae
951 1707 1227 1805 Celtiberiaeque

162 1815 397 1903 «montibus,
412 1841 544 1914 pecora
562 1818 823 1906 consectandO,
841 1818 982 1889 nullum
1000 1819 1225 1889 emolumen-

161 1941 269 1996 «tum
294 1940 350 1996 tot
375 1926 541 1998 laborum
565 1929 882 2026 periculorumque
904 1944 1106 2001 vestrorum
1133 1927 1225 1998 vidi·
1326 1937 1329 1942 ’

162 2065 179 2100 (ε
192 2038 254 2106 stis
263 2033 289 2106 ⁶.
304 2042 461 2133 Tempus
480 2053 534 2108 est
548 2040 640 2132 jam,
655 2040 830 2134 opulenta
843 2061 907 2107 vos
926 2064 966 2109 ac
983 2039 1069 2108 ditia
1089 2040 1224 2133 stipen-

162 2146 249 2216 «dia
271 2145 407 2234 facere,
427 2161 463 2217 et
483 2171 614 2243 magna
632 2171 749 2243 operae
773 2149 887 2242 pretia
910 2150 1062 2234 mereri,
1082 2160 1223 2216 tantum

162 2257 328 2327 «itineris
351 2281 417 2354 per
439 2270 494 2327 tot
510 2270 654 2326 montes
679 2255 918 2351 fluminaque,
935 2269 971 2326 et
995 2269 1049 2325 tot
1073 2269 1224 2325 armatas

161 2381 315 2463 «gentes
335 2392 510 2438 emensos
535 2367 600 2436 Hic
619 2365 722 2436 vobis
745 2367 940 2438 terminum
962 2365 1126 2436 laborum
1148 2364 1223 2435 for·

161 2491 279 2547 «tuna
301 2477 422 2547 dedit:
444 2476 503 2546 hic
523 2476 668 2575 dignam
688 2476 893 2548 mercedem
916 2477 1071 2547 emeritis
1092 2477 1223 2573 stipen-

162 2585 259 2656 «diis
278 2586 412 2657 dabira
434 2591 526 2674 Nec,
543 2611 652 2684 quam
672 2588 792 2684 magni
814 2587 971 2656 nominis
991 2584 1127 2655 bellum
1151 2599 1221 2672 est,

162 2709 265 2765 «tam
283 2694 467 2777 difficilem
490 2698 728 2798 existimaritis
746 2697 931 2766 victoriam
954 2693 1042 2765 fore.
1068 2699 1167 2792 Saepe
1186 2707 1221 2763 et

162 2819 421 2903 «contemptus
449 2805 562 2875 hostis
591 2820 781 2877 cruentum
812 2820 993 2876 certamen
1024 2803 1155 2890 edidit,
1186 2818 1221 2873 et

162 2943 179 2978 «
194 2913 318 3008 inclyti
331 2915 457 3013 populi
471 2914 645 3012 regesque
661 2916 795 3014 perlevi
808 2929 995 2988 momento
1009 2916 1095 2984 victi
1111 2927 1195 2984 sunt
1211 2941 1217 2980 :

196 3141 220 3188 5.
236 3139 374 3204 Vigentibus
388 3141 511 3200 transitoe;
520 3141 578 3189 vide
589 3141 621 3188 ad
630 3143 668 3200 11,
748 3144 773 3190 6.
788 3142 851 3189 Satis
861 3139 1093 3194 adhuc...vidistis,
1110 3138 1166 3185 satis
1179 3136 1222 3184 diu

162 3232 193 3264 ro
201 3252 208 3277 ,
216 3235 242 3266 n.
254 3220 319 3266 3.-
327 3222 361 3266 Et
371 3222 455 3268 eadem
456 3221 563 3286 fortuna
568 3239 577 3277 ;
587 3223 669 3284 “Lege
714 3232 738 3269 et
749 3221 859 3268 multumt

160 3307 188 3342 at
203 3297 423 3363 eadem-fortuna:
437 3317 493 3348 nam
506 3299 605 3364 praemia
618 3301 668 3359 jam
750 3317 773 3359 7.
787 3299 834 3346 Hic
844 3298 944 3362 dignam
955 3295 1085 3343 mercedem
1095 3295 1166 3342 vobis
1176 3295 1222 3341 da-

159 3376 274 3438 periculis
283 3378 405 3441 opponit:
420 3391 484 3428 certe
496 3390 520 3425 et
529 3394 576 3443 pro
588 3389 616 3424 at
625 3392 669 3442 po·
714 3378 750 3424 bit
758 3376 860 3423 emeritis
873 3374 1008 3438 stipendiis,
1022 3373 1086 3420 bello
1098 3373 1221 3421 confecto.

160 3455 234 3503 situm
252 3457 332 3522 (conf.
351 3458 383 3506 ad
401 3461 503 3517 xxm,
519 3466 564 3516 44,
580 3474 604 3505 n.
621 3454 667 3521 4);
713 3483 749 3494 -
762 3453 855 3502 Perlevi
871 3463 990 3500 momento
1005 3451 1066 3498 victi
1080 3463 1151 3508 sunt,·
1163 3452 1220 3502 vide

158 3550 218 3582 mox
235 3547 315 3583 autem
334 3548 389 3585 ante
409 3537 534 3602 Quidquid
547 3536 665 3592 Romani,
713 3536 744 3583 ad
753 3537 785 3593 V,
796 3543 837 3595 49,
846 3550 871 3582 n.
884 3541 907 3588 4.
917 3531 1145 3594 -Eamdemsaepe
1154 3532 1220 3596 apud

159 3624 206 3661 etc.
224 3616 310 3679 supple
328 3632 393 3663 nunc
410 3633 483 3672 vero,
500 3617 555 3664 vel:
573 3627 597 3662 at
614 3615 667 3662 haec
712 3613 826 3678 antiquos
835 3611 978 3661 sententiam
988 3610 1093 3674 reperire
1105 3621 1157 3668 est,
1169 3627 1221 3663 ven

157 3693 209 3740 sola
217 3708 269 3740 non
278 3705 347 3753 sunt,
357 3695 401 3742 sed
411 3696 496 3754 etiam
508 3706 532 3743 et
543 3693 667 3758 triumphis
712 3693 739 3741 hi
754 3693 843 3758 gratia,
859 3693 1007 3748 tustintu,
1020 3690 1052 3736 3:
1068 3712 1079 3730 κ
1088 3690 1137 3741 Tot
1149 3690 1218 3737 hellis

158 3772 239 3837 accipe
251 3789 298 3837 pro
311 3773 434 3831 victoriis,
449 3790 482 3821 sc.
494 3773 550 3837 quia
562 3764 667 3822 Romani
712 3789 739 3819 ac
749 3773 842 3820 saeculis
853 3771 979 3834 quaesitum
991 3769 1219 3832 imperium„brevis

157 3850 184 3896 in
197 3851 321 3917 triumpho
338 3863 363 3900 et
380 3869 423 3917 per
441 3853 590 3916 triumphum
604 3852 666 3900 sole·
710 3851 828 3900 momenti
847 3850 918 3913 culpa
937 3849 1087 3895 subverteret
1095 3866 1119 3908 =›;
1132 3850 1217 3898 Claud.

158 3928 217 3978 bant
232 3931 361 3995 pecuniam
376 3932 537 3999 captivantia
557 3933 666 3983 aerarium
711 3931 738 3978 in
750 3929 808 3977 Rus.
820 3930 859 3987 11,
872 3936 922 3990 49:
937 3949 949 3968 «
962 3927 1042 3974 Eheu!
1056 3944 1127 3993 qqam
1141 3929 1219 3976 breri-

158 4007 227 4058 ferre.
240 4032 252 4053 υ
265 4013 350 4060 Bauer.
710 4010 756 4058 bus
766 4019 870 4073 pereunt
879 4007 991 4075 ingentia.
997 4008 1088 4056 causis!
1103 4031 1116 4049 »
1129 4011 1174 4057 Eu.
1184 4036 1217 4043 -*
