2782 4568
1070 319 1097 354 A.
1108 313 1134 354 C.
1149 320 1200 361 2¹⁴·

158 340 229 426 406
577 343 616 408 Τ.
648 342 789 437 LIVII
1070 374 1098 416 n.
1111 375 1199 418 csse.

156 481 309 559 tumque
317 464 426 532 inerti
434 461 604 533 censoriae
613 457 728 532 notae⁶
738 462 838 532 triste
850 456 1225 531 senatusconsultum:

156 590 197 649 ut
211 577 237 644 ii
255 597 398 660 omnes,
417 596 510 668 quos
528 595 695 657 censores
714 560 916 657 notassent,
931 565 1085 665 pedibus
1102 590 1227 637 mere,-

154 683 564 777 ient,mitterenturque
574 682 613 750 in
622 681 776 752 Siciliam
786 679 832 750 ad
841 678 1032 750 cannensis
1041 678 1227 748 exercitus

154 795 341 891 reliquias,
358 793 416 864 cui
429 792 584 862 militum
603 792 728 888 generi
741 816 818 862 non
836 791 953 887 prius,
967 813 1077 886 quarn
1093 788 1226 886 pulsus

155 904 256 975 Italia
274 904 388 975 hostis
401 915 511 990 esset,
529 900 673 972 finitum
693 899 958 998 stipendiorum
971 914 1115 994 tempus
1132 909 1224 982 erat.

158 1017 280 1104 Quum
300 1037 484 1101 censores,
503 1010 552 1082 ob
573 1012 736 1109 inopiam,
752 1011 883 1098 aerarii,
897 1009 1022 1103 sejam
1035 1007 1228 1079 locationi·

157 1126 228 1195 bus
250 1122 473 1194 abstinerent
493 1123 625 1193 aedium
645 1145 826 1193 sacrarum
851 1120 1095 1192 tuendarnm⁷
1112 1142 1227 1189 curu-

158 1234 320 1329 liumqne
345 1257 522 1328 equorum
541 1231 821 1329 praebendorum
842 1256 883 1302 ac
902 1230 1072 1302 similium
1089 1228 1148 1298 his
1166 1252 1224 1299 re-

158 1368 261 1428 rum;
280 1367 485 1415 convenere
506 1342 550 1413 ad
572 1367 634 1414 eos
653 1340 879 1439 frequentes,
900 1343 965 1438 qui
983 1339 1095 1427 hastae
1113 1337 1227 1434 hujus

157 1457 298 1550 generis
323 1450 588 1541 assueverant⁸,
606 1453 814 1549 hortatique
839 1475 1024 1538 censoreS,
1042 1465 1084 1521 ut
1101 1450 1228 1527 omnia

158 1564 309 1661 perinde
336 1579 503 1661 agerent,
526 1563 708 1652 locarent,
734 1589 775 1636 ac
799 1565 829 1634 si
853 1563 1006 1660 pecunia
1030 1562 1070 1631 in
1098 1562 1233 1631 aerario

160 1689 253 1745 esset
275 1701 282 1742 :
306 1676 512 1763 neminem,
537 1675 605 1744 nisi
632 1672 728 1745 bello
753 1671 938 1762 confecto,
961 1672 1157 1769 pecuniam
1180 1670 1228 1743 ab

159 1787 282 1856 aerario
301 1786 499 1881 petiturum
521 1809 608 1856 esse.
624 1789 835 1857 Convenere
853 1782 984 1856 deinde
1002 1783 1144 1854 domini
1164 1807 1228 1855 eo-

159 1919 257 1983 rum,
271 1919 363 1990 quos
374 1896 425 1965 Ti.
437 1895 671 1991 Sempronius
687 1895 733 1965 ad
746 1901 992 1967 Beneventum
1009 1918 1122 1964 manu
1138 1893 1228 1965 emi·

195 2106 220 2151 6.
234 2103 312 2151 Inerti
320 2103 435 2151 censoria·
444 2115 523 2160 notra,
536 2120 589 2167 quae
599 2103 668 2168 igno-
711 2105 737 2152 h.
751 2122 772 2155 e.
786 2107 817 2153 ab
829 2106 970 2154 honestiore
981 2105 1032 2165 ejus
1046 2119 1136 2168 genere
1149 2115 1229 2153 nans

160 2183 261 2230 minium
272 2193 366 2230 tantum
373 2183 498 2241 inurebat,
508 2199 587 2246 neque
597 2181 670 2229 simul
713 2185 799 2249 scripti
807 2185 835 2231 in
842 2183 959 2232 humilius
967 2195 991 2231 et
1000 2183 1074 2230 simul
1083 2184 1228 2242 onerosius,

157 2262 300 2326 injungebat
313 2261 374 2326 quid
385 2262 502 2309 molestiae
515 2261 670 2309 bellicorum·
714 2263 807 2325 equites
817 2264 844 2310 in
856 2256 982 2327 pedit'um,
992 2262 1088 2327 pedites
1099 2261 1129 2309 in
1145 2262 1229 2311 fundi-

160 2357 208 2404 que
222 2342 350 2399 laborum,
372 2352 395 2389 et
409 2340 507 2405 quidem
518 2341 670 2406 temporibus
714 2354 796 2391 torum
815 2359 942 2390 nnmerum
961 2343 1038 2389 relati.
1057 2341 1095 2391 Cf.
1112 2342 1177 2388 infra
1196 2341 1229 2389 ad

159 2421 202 2479 iis,
216 2420 305 2483 quibus
317 2421 402 2484 inopia
420 2432 470 2467 erat
484 2420 617 2467 liberomm
630 2437 669 2468 ca·
714 2423 798 2481 XXV,
812 2421 843 2479 6,
858 2439 883 2470 n.
897 2437 942 2480 1o;
956 2419 1069 2468 Frontini
1087 2422 1163 2468 Strat.
1181 2422 1229 2481 IV,

159 2499 238 2562 pitum
247 2497 419 2563 (conf.XXII‚
430 2501 460 2558 57
472 2498 559 2562 exte),
568 2510 593 2546 et
604 2515 667 2562 resp.
716 2515 742 2558 1,
757 2502 787 2548 18
797 2512 822 2548 et
832 2501 878 2560 313
891 2500 946 2548 Val.
956 2502 1024 2549 Max.
1035 2501 1072 2558 11,
1087 2515 1112 2559 7,
1124 2506 1140 2553 4
1150 2510 1176 2546 et
1184 2498 1227 2546 15.

159 2577 264 2624 maxime
286 2578 314 2624 in
336 2578 408 2625 bellis
428 2577 555 2640 indigebat
578 2577 668 2625 civium
749 2595 772 2638 7.
786 2581 815 2626 Se
830 2576 1230 2627 locationib.abstinerentaedium

159 2671 241 2720 opera.
258 2656 324 2702 Hinc
345 2655 456 2702 additum
477 2656 544 2702 triste
560 2667 668 2703 senatus-
711 2674 839 2706 sacrarum
852 2659 996 2706 tuendarum
1001 2676 1012 2715 ;
1023 2657 1079 2706 vide
1093 2657 1127 2704 ad
1135 2658 1169 2715 V,
1181 2657 1229 2718 23,

160 2734 309 2788 consultum,
320 2745 360 2789 ut,
375 2745 420 2781 etc.
434 2735 481 2780 Pro
495 2733 567 2781 inerti
578 2736 604 2782 in
616 2735 667 2799 ple·
712 2754 737 2786 n.
747 2737 778 2797 6,
793 2749 817 2785 et
825 2740 875 2796 VI,
887 2746 916 2796 4,
927 2755 952 2785 n.
963 2744 987 2792 4.
997 2764 1032 2773 -
1043 2736 1143 2783 Curnles
1154 2735 1227 2799 equi,

160 2813 242 2875 risque
263 2812 325 2858 MSS
345 2811 436 2874 legitur
455 2813 530 2860 anerei
535 2848 542 2870 ,
568 2814 665 2872 rnerici,
712 2828 740 2864 ut
753 2833 784 2864 ex
796 2821 885 2875 Festo,
899 2833 930 2864 ex
945 2816 1044 2879 glossar.
1058 2825 1120 2862 vett.
1136 2829 1229 2878 graeco·

160 2889 221 2938 meri
224 2925 233 2948 ,
245 2889 366 2947 εαιιισνὶοἱ,
378 2892 459 2940 marci.
468 2893 532 2939 Hinc
541 2893 589 2940 viri
600 2894 669 2942 docti
711 2896 793 2943 latinis
807 2907 831 2944 et
844 2897 929 2944 codice
946 2907 995 2944 tam
1010 2893 1137 2942 Theodos.
1151 2911 1230 2958 quam

160 2971 226 3030 conj.
244 2980 294 3016 tam
311 2985 417 3025 amarae,
430 2971 523 3018 inertior
538 2971 587 3037 (ob
604 2973 669 3020 iner-
713 2976 802 3022 Justin.
816 2987 898 3039 patet,
913 2987 970 3024 sunt
986 2976 1042 3039 equi
1055 2974 1228 3039 quadrigales,

160 3050 219 3097 tiam
229 3049 328 3106 inustae;
341 3058 368 3095 ut
378 3049 494 3112 putant),
502 3061 553 3096 tom
565 3051 669 3107 tetricoe,·
713 3053 744 3099 ad
754 3053 877 3101 vehendas
886 3055 1014 3119 quadrigas
1023 3055 1050 3100 in
1059 3053 1127 3101 ludis
1136 3054 1230 3103 circen-

162 3139 212 3175 tam
228 3127 319 3182 atroci,
335 3138 386 3173 tam
400 3128 475 3185 truci,
495 3129 615 3176 Mamerci
632 3129 670 3196 (ut
713 3132 780 3180 sibus
791 3134 889 3196 publice
894 3133 1034 3197 praebendi,
1045 3132 1086 3179 vel
1094 3131 1126 3180 ab
1135 3133 1232 3183 redem-

160 3206 213 3254 haec
230 3217 289 3252 nota
306 3221 320 3251 a
333 3207 458 3253 Mamerco
469 3208 582 3267 AEmilio,
597 3225 668 3272 quem
705 3196 838 3274 'ptoribus,
848 3213 928 3276 pretio
941 3230 954 3260 a
966 3211 1106 3260 locantibus
1119 3213 1231 3262 censori·

161 3301 275 3332 censores
290 3284 396 3347 primum
413 3301 440 3332 ea
456 3288 607 3346 notaverint,
625 3304 669 3352 per
712 3289 758 3337 bus
775 3307 806 3338 ex
823 3292 908 3341 aerario
922 3302 1030 3355 accepto.
1045 3289 1140 3338 stroth.
1153 3293 1230 3342 Conl.

159 3363 318 3428 proverbium
331 3362 367 3409 sic
383 3362 449 3411 dicta
466 3365 511 3422 sit,
527 3376 554 3412 ut
569 3365 669 3435 imperia
713 3369 804 3416 Duker.
820 3397 854 3406 -
872 3371 910 3416 Ac
919 3369 1032 3417 similium
1045 3367 1082 3416 tis
1094 3383 1181 3418 rerum
1192 3371 1231 3419 lo·

160 3442 292 3489 lllanlioaa
306 3441 399 3504 aliaque
411 3443 441 3489 ab
454 3436 500 3500 eo,
513 3444 556 3506 qui
568 3443 608 3490 illa
620 3445 670 3508 pri·
713 3448 926 3506 candarutn3vide
938 3448 969 3494 ad
983 3449 1015 3506 V,
1030 3447 1074 3503 23,
1091 3463 1117 3494 n.
1128 3448 1156 3497 6.
1225 3438 1229 3445 ¹

161 3538 216 3568 mus
227 3520 264 3568 vel
279 3520 364 3566 fecerit
377 3521 415 3568 vcl
427 3536 512 3585 passus
526 3522 558 3569 sit
566 3523 584 3584 ),
593 3534 618 3570 ct
634 3523 670 3570 in·
751 3528 774 3574 8.
787 3527 835 3588 Qui
844 3527 922 3574 hastae
932 3526 1002 3590 hrtjus
1012 3525 1110 3590 generas
1120 3543 1234 3578 asem

161 3616 239 3663 snper.
250 3597 371 3646 Omnibus
383 3598 421 3646 his
434 3600 585 3663 praeferenda
596 3602 670 3650 lectio
714 3617 785 3662 rant,
800 3606 964 3670 redemptioni
976 3605 1003 3651 in
1020 3605 1136 3653 auctione
1149 3620 1158 3655 ε
1173 3624 1232 3657 nam

161 3680 271 3742 vulgata,
285 3679 384 3740 ejusque
402 3677 586 3741 depravationes
604 3680 670 3728 haud
714 3700 788 3749 opera
802 3685 902 3749 publica
916 3683 1061 3732 exstruenda
1074 3684 1176 3748 aliaque
1189 3704 1234 3737 ne·

162 3757 236 3804 dubie
252 3767 309 3804 sunt
327 3773 370 3814 ea,
387 3773 441 3820 quae
456 3759 518 3806 MSS
534 3759 651 3808 exhibent
663 3775 669 3809 :
715 3764 793 3826 gotia,
802 3763 870 3810 hasta
880 3780 893 3809 a
905 3762 1047 3810 censoribus
1056 3763 1156 3826 posita,
1167 3778 1199 3815 ut
1208 3778 1234 3817 et

160 3852 216 3880 nam
232 3835 310 3883 nullas
325 3851 396 3899 paene
411 3837 492 3885 literas
513 3837 606 3886 librarii
624 3855 669 3887 sae·
712 3841 778 3904 apud
798 3844 859 3901 nos',
882 3842 996 3889 auctione
1018 3841 1125 3903 quadam
1147 3845 1233 3905 faeta,

158 3914 215 3976 pius
228 3925 407 3976 permutarunt,
419 3932 492 3979 quam
507 3917 532 3963 in
547 3929 571 3964 et
588 3935 620 3966 m.
633 3945 668 3954 -
711 3919 839 3966 minimum
853 3921 987 3984 postulanti
1000 3919 1169 3984 locabantur3
1184 3926 1234 3975 Str.

159 3991 262 4038 Pedibus
279 4005 396 4040 mererent
415 3995 485 4059 (vide
505 3996 537 4042 ad
558 3998 607 4055 HI,
621 4005 669 4054 aa,
712 3999 803 4047 Confer
818 3999 881 4046 infra
900 3999 929 4045 ad
946 4000 995 4057 IV,
1012 3997 1059 4055 53,
1074 4015 1100 4046 n.
1114 4007 1146 4059 a,
1164 4005 1236 4064 etv,

159 4087 183 4116 n.
203 4068 231 4135 4)
269 4087 333 4116 arma
357 4084 380 4118 et
404 4074 513 4121 militiam
533 4087 667 4135 mutantes,
714 4077 831 4135 23,n.6.
