2782 4568
182 285 252 358 510
577 288 811 356 EXCURSU
819 288 841 355 S

179 406 332 475 Romanis
345 423 423 472 tuuc
435 407 588 495 temporis
598 406 696 470 fuisse
707 406 845 486 invium,
857 405 919 469 alio
931 404 1180 470 declinandum
1193 430 1265 471 esse

181 511 317 591 censuit,
330 508 554 595 tramitemque
569 507 722 572 tredecim
733 529 887 594 passuum
899 507 1042 571 millibus
1059 508 1262 589 distantem,

180 612 321 677 Etesiam
332 608 497 697 (nord-ast)
512 631 623 673 versus
634 610 771 698 aperuit.
781 609 857 691 Quo
869 626 907 673 ut
919 608 1131 692 deveniatur,
1145 635 1166 674 a
1185 612 1260 673 loco

178 712 338 799 appellato
355 708 605 795 lans-leBottrg
618 709 763 773 estudum
779 709 913 774 adverso
928 733 1041 791 amne,
1071 713 1131 775 cui
1149 716 1259 777 Arcus

180 834 317 894 nomen,
335 827 422 875 trans
437 812 544 874 vicum
552 810 699 890 Bessum,
716 809 804 875 unde
815 810 923 875 fauces
935 813 1188 900 angustissimae
1206 814 1258 876 in·

181 913 322 1001 cipiunt,
337 935 409 1000 quae
421 911 464 975 ad
475 913 589 976 vallem
603 912 643 975 dc
652 913 688 974 V
682 914 728 975 t'ce
743 913 777 975 in
792 912 1022 995 Pedemontio,
1036 937 1079 979 ac
1094 915 1257 1006 deinceps

180 1015 215 1078 iu
227 1015 339 1078 vallem
351 1014 391 1078 de
403 1014 512 1078 Lanzo
518 1062 529 1094 ,
547 1012 680 1077 demum
693 1013 734 1077 ad
750 1016 926 1104 Augustam
936 1016 1169 1081 Taurinorum
1183 1042 1256 1106 per·

180 1117 280 1181 ducit.
290 1119 361 1181 Hoc
376 1117 438 1180 iter
452 1116 639 1203 auctoripse
651 1139 753 1204 quum
770 1116 1021 1199 decucurrisset,
1039 1141 1135 1185 anno
1149 1121 1253 1208 1782,

180 1218 241 1281 sibi
250 1218 337 1283 visus
346 1218 573 1311 estPoenorum
580 1219 710 1306 vestigia
721 1217 939 1306 deprendisse,
949 1241 1012 1306 qua
1021 1221 1253 1310 circumpada-

64 1312 68 1321 “
181 1339 240 1380 nos
256 1341 349 1406 agros
363 1333 530 1404 penetrare
545 1316 725 1383 debuerint.
741 1319 897 1382 tutamen
912 1342 945 1383 se
959 1321 1154 1400 conjectura
1167 1347 1251 1389 asse·

181 1418 237 1505 qui
252 1441 318 1481 non
333 1434 422 1482 certo
436 1416 593 1482 affirmare
605 1418 699 1500 dicit,
714 1419 814 1482 immo
831 1435 958 1508 optare,
971 1436 1009 1484 ut
1018 1445 1116 1485 novae
1130 1423 1250 1488 dehac

180 1542 215 1582 re
240 1518 487 1607 perquisitiones
511 1518 722 1584 instituantur
745 1544 753 1585 :
775 1543 855 1608 quas
881 1522 943 1610 ipsi
966 1523 1197 1612 suscipiendas
1221 1527 1248 1590 si

179 1622 283 1685 otium
297 1622 509 1710 permisisset,
526 1621 567 1686 ab
584 1644 620 1685 ea
634 1622 804 1709 opinione,
822 1622 936 1705 credo,
954 1646 1031 1687 mox
1044 1624 1245 1707 destitisset,

178 1746 251 1812 quoe
267 1723 363 1786 nullis
381 1723 464 1787 bene
480 1723 626 1787 firmatur
642 1725 849 1812 argumentis.
865 1724 957 1813 (vid.
974 1727 1181 1814 Descrrjution¹
1194 1729 1247 1792 des

177 1823 274 1911 Apes
289 1823 442 1911 Grecqnes
452 1837 484 1886 et
492 1823 680 1904 Cottiennes,
693 1847 733 1887 ou
748 1826 890 1890 Tablenu
902 1827 1072 1914 historiques
1089 1843 1127 1892 et
1141 1833 1245 1893 statu-

178 1925 263 2012 tt'qne
278 1924 319 1985 de
335 1923 369 1987 la
387 1923 515 2003 Savoic,
534 1947 599 2012 par
615 1925 647 1988 J.
668 1925 707 1990 F.
728 1927 865 1989 Albanis
882 1928 1069 1993 Beuumont.
1094 1930 1243 2013 Parisiis,

178 2024 256 2090 edit.
274 2025 388 2104 Didot,
413 2025 510 2106 1802,
528 2026 623 2104 Arci.
639 2047 687 2114 gr.
702 2023 799 2107 in·4⁰,
814 2025 867 2115 fig
881 2044 915 2090 et
924 2028 1002 2091 atlas
1015 2028 1142 2116 insul.)
1232 2086 1236 2091 .

227 2129 321 2192 1802.
342 2125 481 2206 Villam,
502 2123 653 2190 Me'moire
671 2124 788 2213 ettvoys'
810 2125 1018 2205 dl’Institut.
1044 2131 1165 2197 Νοτίου
1189 2132 1243 2195 des

178 2237 319 2291 travena
334 2226 374 2290 de
389 2226 423 2291 la
444 2227 541 2291 classe
557 2227 598 2290 ds
616 2224 805 2307 litteratus,
831 2227 934 2295 lna-le
959 2228 996 2295 15
1023 2229 1243 2305 vendemiare

178 2353 223 2393 an
242 2353 291 2394 10.
309 2326 489 2414 (Memoires
507 2329 562 2406 des
582 2326 716 2393 Societe's
732 2344 892 2408 sarantes,
907 2332 955 2411 11,
970 2329 1039 2418 66.)
1056 2335 1189 2397 Auctor
1205 2335 1240 2397 iu

180 2431 303 2495 incerto
319 2431 466 2518 reliquit,
491 2429 649 2516 Alpemne
665 2430 843 2495 Penniuam
860 2454 903 2494 an
923 2430 1051 2495 Graiam
1070 2448 1241 2499 transcen·

179 2530 263 2594 derit
278 2531 458 2594 Hannibal:
476 2527 605 2593 videtur
623 2545 730 2593 tamen
749 2529 851 2595 Graiae
867 2532 967 2620 magis
981 2533 1098 2598 favere.

226 2630 422 2695 1811-1813.
442 2631 491 2693 Ex
513 2629 626 2694 urdine
646 2646 830 2720 temporum
852 2633 1000 2720 sequitur
1016 2635 1239 2722 quorumdam

112 2741 115 2746 '
178 2731 455 2818 mentiooperum,
464 2753 535 2818 quae
543 2753 603 2817 pro
612 2731 764 2796 Penninis
774 2733 951 2799 autflottiis
959 2735 1093 2822 Alpibus
1101 2736 1239 2805 faciunt.

132 2888 135 2893 ,
220 2833 354 2896 Histoire
376 2832 429 2895 des
454 2854 640 2920 campagnes
662 2832 844 2898 d'Annibal
865 2857 906 2898 en
927 2836 1021 2908 Italia
1034 2837 1187 2923 pendant
1205 2839 1241 2901 la

175 2931 341 2998 denxrirme
354 2957 466 3021 guerre
476 2935 633 3021 putatque,
656 2949 717 2997 etc.
733 2958 798 3022 par
814 2931 1159 3001 Frede'rt'uGut'llaume
1181 2939 1242 3023 (dc

180 3037 214 3098 V
210 3037 412 3120 auduncourt
414 3039 442 3115 )‚
461 3032 596 3121 gene'rnl
610 3035 650 3098 de
664 3036 805 3122 brigade,
823 3037 946 3117 Milan,
967 3037 1007 3103 de
1025 3035 1241 3125 l’imprimerie

175 3139 301 3221 rosale5
320 3137 338 3202 3
358 3138 420 3201 vol.
435 3133 530 3218 in·4⁰,
545 3137 633 3199 atlas.

219 3241 267 3304 De
283 3234 659 3325 Rivaz,·Me'moirep0nr
670 3259 805 3324 prourer
821 3259 882 3325 que
900 3238 928 3302 k
941 3259 1080 3326 passage¹
1094 3238 1242 3307 d'Anni,

175 3341 233 3404 bat
240 3364 262 3404 u
276 3363 313 3405 eu
326 3340 388 3403 lr‘eu
402 3362 447 3403 au
458 3338 567 3426 grand
574 3337 829 3403 saint-Bernard.
849 3338 940 3425 (vid.
957 3339 1119 3401 Monitcur
1133 3341 1181 3406 dn
1199 3341 1242 3406 30

173 3440 332 3507 decenum
345 3439 458 3528 1813.)
469 3442 544 3505 Ant.
556 3440 609 3505 Fr.
619 3438 815 3518 Belmina,
828 3435 979 3502 Me'rnoire
990 3441 1045 3503 sur
1053 3452 1136 3504 cette
1146 3465 1242 3530 ques·

173 3547 240 3608 non
252 3568 264 3608 .·
277 3543 317 3606 de
334 3543 409 3631 quel
420 3540 491 3609 c6te'
505 3540 650 3606 Annibal
657 3539 836 3628 parvitat-il
849 3541 903 3604 des
922 3540 1039 3605 Gaules
1054 3564 1095 3603 en
1115 3543 1244 3610 Italae?

176 3647 255 3734 (per
267 3644 463 3734 Lugdunum
484 3658 517 3706 et
533 3643 628 3729 Alpes
646 3642 807 3714 Penninas
817 3640 840 3730 ).
854 3639 926 3705 vid.
940 3638 1105 3705 Me'muires
1125 3643 1243 3709 biblio·

158 3748 359 3835 graplriques
380 3759 412 3809 et
436 3742 600 3810 litterarior
613 3766 681 3833 par
703 3741 889 3809 Delandirw.
917 3743 1016 3809 Paris.
1038 3743 1240 3827 Renouard,

175 3870 244 3936 pag,
261 3846 323 3910 125
336 3863 448 3934 etseq.

222 3947 313 4012 1818.
332 3946 472 4011 Annales
481 3945 629 4034 dessain
647 3945 805 4011 militares
813 3943 963 4031 ,fatiant
975 3949 1052 4011 snite
1070 3972 1148 4015 utar
1165 3953 1202 4018 V
1196 3958 1243 4018 ic·
