2782 4568
160 330 229 416 348
583 336 621 401 r.
655 335 793 402 ttvu
1064 306 1202 429 ῧῑὲἶὲἑζῑ

157 458 195 527 in
220 469 384 550 tempore
409 451 454 522 ad
478 476 579 550 spem
604 453 803 525 rebellandi
826 453 1040 526 advenisset.
1063 454 1227 529 Manlius

157 581 240 664 post
256 564 388 636 famam
407 565 563 662 appulsae
580 566 722 663 punicae
742 566 881 653 classis,
903 565 1045 637 Carales
1063 588 1105 637 se
1120 589 1226 639 rece-

157 679 211 775 pit
231 705 239 747 :
261 702 303 747 ea
321 677 459 747 occasio
477 679 718 774 Hampsicorae
736 675 818 747 data
838 680 954 747 Poeno
972 701 1009 747 se
1026 676 1221 774 jungendi.

158 786 377 873 Hasdrubal,
390 787 502 883 copiis
512 785 549 855 in
560 800 691 857 terram
703 787 894 884 expositis,
908 802 944 858 et
954 785 1063 857 classe
1073 789 1223 859 remissa

157 895 429 992 Carthaginem,
455 895 546 966 duce
567 899 801 993 Hampsicora
825 896 870 967 ad
892 898 1074 968 sociorum
1093 897 1223 996 populi

157 1007 298 1075 romani
309 1030 434 1103 agrum
449 1006 700 1105 populandum
715 1004 908 1104 profectus,
919 1008 1061 1079 Carales
1073 1022 1226 1106 perveni

155 1130 259 1186 turus
280 1131 377 1205 erat,
397 1119 434 1186 ni
451 1117 607 1188 Manlius
626 1116 735 1189 obvio
760 1119 918 1188 exercitu
937 1116 983 1187 ab
1002 1114 1116 1188 eflusa
1136 1111 1220 1188 cunr

155 1225 392 1322 populatione
408 1228 657 1298 continuisset.
677 1228 797 1298 Primo
812 1239 926 1298 castra
940 1228 1064 1298 castris
1075 1226 1221 1298 modico

152 1335 346 1406 intervallo
355 1349 440 1408 sunt
449 1336 604 1430 objecta,
614 1337 746 1408 deinde
756 1338 1044 1435 procursationes
1054 1335 1221 1433 leviaque

156 1448 350 1516 certamina
364 1448 462 1518 vario
481 1463 614 1518 eventu
628 1448 716 1518 inita
731 1474 739 1518 ε
756 1462 941 1545 postremo
953 1447 1171 1518 descensum
1184 1446 1222 1515 in

156 1555 290 1644 aciem,
315 1557 497 1654 signisque
522 1558 679 1646 collatis,
701 1558 800 1652 justo
825 1559 946 1657 praelio
971 1583 1037 1655 per
1064 1570 1223 1654 quatuor

156 1663 264 1737 horas
284 1683 496 1764 pugnatum.
513 1670 584 1738 Diu
603 1692 763 1766 pugnarn
783 1669 977 1766 ancipitem
997 1667 1120 1755 Poeni,
1140 1669 1222 1737 Sar-

158 1775 212 1845 dis
233 1774 336 1849 facile
359 1780 453 1848 vinci
474 1780 643 1866 assuetis,
663 1777 826 1850 fecerunt
846 1805 854 1848 :
871 1791 1057 1876 postremo
1075 1790 1113 1847 et
1130 1776 1221 1873 ipsi,

157 1909 273 1980 quum
286 1889 408 1958 omnia
424 1891 517 1960 circa
529 1903 645 1984 strage
662 1913 702 1960 ac
716 1887 801 1986 fuga
813 1889 1008 1960 Sardorum
1019 1886 1164 1984 repleta
1176 1908 1223 1956 es

103 2032 111 2046 ·
157 2010 254 2083 sent,
267 1995 336 2067 fusi
347 2024 355 2065 :
367 2013 536 2070 caeterum
547 2014 647 2095 terga
663 1998 806 2085 dantes,
821 1996 1069 2068 circumducto
1086 2018 1224 2081 cornu,

158 2129 234 2201 quo
252 2109 439 2204 pepulerat
455 2109 608 2190 Sardos,
625 2106 771 2175 inclusit
787 2110 982 2191 Romanus.
1000 2102 1123 2174 Caedes
1139 2100 1224 2187 inde

139 2304 142 2309 Ι
158 2217 290 2314 magis,
313 2242 423 2314 quam
440 2241 580 2316 pugna,
591 2210 670 2289 *fuit
686 2242 694 2285 ε
713 2213 905 2285 duodecim
929 2212 1039 2285 millia
1063 2212 1225 2284 hostium

159 2350 247 2397 caesa
265 2327 460 2401 Sardorum
476 2326 583 2400 simul
597 2330 884 2422 Poenorumque,
898 2322 1011 2394 ferme
1028 2325 1096 2393 tria
1112 2322 1226 2393 millia

159 2450 195 2523 til
203 2439 423 2535 septingenti
432 2439 589 2535 capti,et
600 2435 879 2533 signamilitaria
888 2448 1027 2531 septem
1038 2448 1075 2509 et
1083 2432 1223 2529 viginti.

129 2562 132 2568 '
206 2549 298 2617 XLI.
321 2552 412 2617 Ante
429 2548 551 2617 omnia
570 2545 701 2616 claram
722 2558 759 2615 et
774 2541 1044 2614 memorabilem
1062 2564 1225 2638 pugnam

158 2649 242 2723 fecit
258 2653 458 2725 Hasdrubal
471 2657 667 2751 imperator
681 2667 824 2751 captus,
841 2667 878 2722 et
891 2658 1037 2739 Hann0,
1052 2664 1088 2722 et
1105 2655 1225 2747 Mago,

159 2761 301 2833 nobiles
317 2764 628 2863 Carthaginienses
644 2793 650 2835 :
667 2769 774 2861 Mago
789 2788 834 2833 ex
849 2775 957 2860 gente
966 2759 1134 2847 Barcina,
1150 2783 1227 2857 pro
1256 2762 1259 2766 ’

159 2873 298 2970 pinqua
316 2876 530 2971 cognatione
546 2874 738 2947 Hannibali
756 2873 927 2968 junctus3
946 2877 1076 2943 Hanno
1098 2884 1226 2955 auctor

159 2982 365 3055 rebellionis
383 2986 518 3070 Sardis,
537 2985 697 3082 bellique
714 2984 790 3080 ejus
806 2980 1028 3054 hauddubie
1047 2980 1224 3052 connitor.

158 3098 233 3166 Nec
247 3095 442 3185 Sardorum
460 3097 569 3168 duces
584 3096 703 3166 minus
715 3092 876 3165 nobilem
891 3117 970 3164 eam
984 3114 1146 3190 pugnam
1164 3088 1227 3161 cla·
1264 3154 1268 3159 .

158 3202 266 3276 dibus
285 3207 356 3276 suis
371 3204 535 3277 fecerunt
546 3234 553 3277 ε
565 3230 647 3276 nam
663 3219 700 3276 et
711 3203 806 3276 filius
822 3202 1064 3302 Hampsicorae
1078 3201 1226 3271 Hiostus

160 3314 199 3383 in
216 3316 290 3386 acie
306 3316 454 3405 cecidit;
472 3332 508 3387 et
523 3316 772 3413 Hampsicora,
795 3338 877 3384 cum
896 3312 1020 3413 paucis
1042 3308 1228 3407 equitibus

159 3420 317 3522 fugiens,
335 3441 376 3496 ut
392 3452 501 3525 super
520 3425 670 3499 afflictas
688 3451 746 3497 res
763 3448 890 3496 necem
912 3445 1060 3525 quoque
1078 3419 1144 3490 filii
1163 3444 1226 3491 au·

162 3533 270 3622 divit,
289 3549 414 3624 nocte,
435 3563 482 3608 ne
507 3539 611 3633 eujus
629 3539 855 3610 interventus
875 3548 993 3631 coepta
1011 3530 1227 3629 impediret,

161 3658 315 3717 mortem
341 3646 410 3718 sibi
433 3650 616 3720 conscivit.
641 3647 786 3720 Caeteris
809 3643 896 3718 urbs
915 3648 1058 3714 Coruus
1076 3639 1227 3729 eadem,

163 3778 243 3849 quae
267 3772 370 3846 ante,
398 3757 489 3857 fugae
515 3758 781 3856 receptaculum
806 3755 885 3826 fuit.
906 3758 1025 3844 Quam
1046 3751 1228 3840 Manlius,

163 3948 189 3978 ι.
201 3933 225 3980 3.
236 3960 271 3970 -
281 3937 311 3982 In
320 3946 437 4000 tempore,
450 3933 589 4003 opportune
600 3931 667 4003 (vide
712 3931 853 3981 advenisset.
863 3931 907 3978 Ad
913 3946 978 3995 spem
987 3926 1137 3994 prozquoad
1145 3942 1231 3993 spema

163 4011 195 4059 ad
205 4014 244 4070 tt,
256 4021 298 4073 47,
311 4031 336 4062 n.
347 4016 389 4079 4),
406 4017 442 4064 ad
456 4033 521 4081 spem
535 4016 671 4066 rebellandi
713 4020 805 4068 Stroth.
818 4020 855 4070 Cf.
869 4034 942 4084 supra
955 4017 989 4066 ad
998 4016 1089 4072 librum
1103 4015 1158 4075 lx,
1172 4030 1229 4080 cap·

168 4088 238 4147 (vide
254 4091 286 4138 ad
302 4094 340 4152 11,
355 4102 401 4153 ta,
420 4113 445 4142 n.
461 4095 495 4158 a)
513 4096 668 4144 refovendam
717 4101 799 4159 16‚n.
808 4114 832 4160 9.
