2782 4568
192 287 313 388 lllfttlt
377 310 471 377 Lm.
498 310 646 376 xxrn.
674 307 779 376 car.
806 306 909 374 xtv.
933 309 1010 375 xv.
1157 307 1225 402 295

165 453 292 525 agrurn
313 429 550 500 saticulanum
570 426 851 523 trebianumque
874 451 983 525 super
1004 429 1226 515 Suessulam,

165 562 232 634 per
252 554 393 610 montes
413 538 541 611 Nolam
563 538 737 635 pervenit.

215 654 291 721 XV.
305 648 378 720 Sub
388 649 584 720 adventurn
596 648 758 745 praetoris
767 648 921 734 romani,
930 652 1063 717 Poenus
1072 669 1157 744 agro
1168 672 1229 716 no·

166 759 249 828 lano
260 761 422 847 excessit,
436 758 529 829 etad
543 783 640 828 mare
656 759 819 856 proxime
828 758 1015 856 Neapolim
1029 757 1228 845 descendit,

165 869 319 966 cupidus
331 871 500 940 maritimi
513 868 639 967 oppidi
652 867 834 967 potiundi,
846 894 920 965 quo
935 893 1061 940 cursus
1075 868 1228 939 navibus

164 992 265 1049 tutus
281 1005 326 1050 ex
344 977 462 1050 Africa
477 993 580 1049 esset.
601 983 797 1067 Caeterum,
819 993 1012 1077 postquam
1037 980 1228 1077 Neapolim

165 1089 374 1185 apraefecto
394 1114 546 1160 romano
562 1091 678 1161 teneri
697 1090 834 1188 accepit
854 1091 923 1183 (M.
942 1090 1069 1160 Juuius
1088 1090 1228 1161 Silanus
1265 1100 1266 1103 ’

165 1213 260 1288 erat,
275 1199 423 1299 abipsis
440 1201 684 1298 Neapolitanis
703 1200 877 1295 accitus),
891 1200 1042 1296 Neapoli
1061 1224 1228 1297 quoque,

166 1309 258 1378 sicut
278 1309 390 1398 Nola,
412 1311 562 1397 omissa,
585 1313 675 1408 petit
696 1311 898 1380 Nuceriam.
920 1315 1006 1380 Earn
1026 1334 1141 1404 quum
1163 1308 1228 1378 ali·

167 1418 330 1513 quandiu
349 1421 653 1510 circumsedisset,
676 1445 770 1518 saepe
793 1422 849 1510 vi,
878 1444 971 1517 saepe
995 1419 1228 1491 sollicitandis

166 1528 414 1625 nequidquam
438 1555 537 1600 nunc
562 1529 689 1627 plebe,
716 1555 815 1600 nunc
839 1528 1064 1627 principibus
1080 1540 1107 1617 ¹,
1132 1527 1227 1598 farne
1285 1534 1288 1539 ’

167 1635 314 1708 demum
336 1641 374 1708 in
400 1639 621 1712 deditionem
644 1642 805 1739 accepit,
831 1654 980 1737 pactus,
1005 1653 1046 1713 ut
1071 1641 1227 1710 inermes

166 1769 249 1816 cum
274 1748 422 1846 singulis
447 1748 588 1820 abirent
611 1751 859 1822 vestimentis:
881 1748 1032 1847 deinde,
1055 1763 1096 1819 ut
1120 1750 1227 1844 quia

165 1858 346 1954 principio
375 1861 470 1930 mitis
492 1859 662 1931 omnibus
688 1861 837 1948 Italicis,
863 1873 993 1956 praeter
1022 1862 1225 1946 Romanos,

147 2047 151 2056 ι
165 1966 280 2035 videri
293 1968 416 2056 vellet,
431 1971 581 2066 praemia
589 1985 698 2066 atque
715 1970 891 2057 honores,
903 1969 967 2066 qui
981 1981 1226 2058 remanerent,

167 2097 207 2143 ac
224 2076 378 2148 militare
399 2103 521 2150 secum
542 2080 760 2167 voluissent,
783 2080 982 2177 proposuit.
1003 2083 1078 2152 Nec
1100 2103 1141 2149 ea
1162 2102 1225 2176 spe

167 2207 388 2280 quemqnam
401 2192 517 2259 tenuit
533 2217 540 2258 :
556 2190 684 2288 dilapsi
697 2214 843 2277 omneS,
858 2213 1091 2285 quocumque
1105 2188 1226 2285 hospi·

166 2293 234 2378 tia,
253 2310 314 2365 aut
330 2296 500 2370 fortuitus
517 2301 627 2370 animi
648 2301 803 2396 impetus
819 2299 921 2386 tulit,
940 2323 1006 2396 per
1023 2298 1227 2395 Campaniae

166 2401 292 2491 urbes,
306 2410 458 2480 maxime
473 2409 602 2482 Nolam
615 2409 887 2507 Neapolimque.
905 2411 1027 2497 Quum
1041 2405 1154 2479 ferme
1168 2409 1227 2476 tri·

165 2514 262 2608 ginta
275 2531 474 2603 senatores,
491 2543 532 2588 ac
546 2517 638 2589 forte
652 2521 788 2616 primus
804 2520 978 2615 quisque,
993 2523 1152 2615 Capuam
1167 2541 1225 2614 pe-

166 2623 308 2714 tissent,
330 2626 464 2698 exclusi
482 2627 590 2713 inde,
609 2628 710 2724 quod
731 2642 851 2727 portas
870 2625 1061 2697 Hannibali
1079 2626 1225 2696 clausis-

163 2748 260 2823 sent,
273 2740 406 2810 Cumas
416 2762 454 2808 se
467 2739 709 2814 contulerunt.
722 2739 882 2815 Nuceriae
895 2735 1015 2833 praeda
1026 2736 1130 2809 militi
1142 2735 1225 2806 data

196 2963 258 3014 Car.
273 2963 331 3008 XV.
350 2978 374 3012 ι,
390 2963 458 3024 Saepe
471 2960 511 3018 νί,
527 2977 591 3025 serpe
602 2961 669 3009 solli·
712 2973 767 3011 rent
775 2980 801 3020 »ς
812 2962 877 3011 Duk.
890 2988 925 3001 -ι-
937 2963 1000 3013 Mox
1012 2960 1114 3008 honores
1126 2960 1168 3018 iis,
1181 2961 1224 3024 qni

161 3039 302 3088 citandis...
304 3040 455 3104 principibus
459 3075 468 3097 ,
479 3040 555 3088 scilic.
567 3040 591 3086 in
605 3040 670 3087 dedi·
713 3041 892 3096 remansissent,
912 3056 943 3086 ac
960 3040 1066 3087 militare
1081 3039 1174 3086 vellent
1188 3054 1224 3086 se·

161 3119 250 3166 tionem
262 3120 370 3182 accipere
383 3119 449 3183 (vide
459 3121 537 3177 VIII,
551 3135 632 3178 20,n.
644 3120 669 3183 7)
714 3135 781 3177 cum,
791 3118 921 3183 proposuit
931 3118 987 3164 edd.
1002 3127 1057 3164 ante
1071 3119 1149 3166 Gron.
1170 3118 1222 3165 No-

160 3209 274 3254 conntus,
290 3199 358 3261 quod
373 3199 450 3246 intell.
468 3215 499 3246 ex
516 3215 584 3262 seqq.
606 3200 668 3256 Str.;
714 3209 769 3245 strae
782 3198 838 3244 lect.
852 3197 933 3243 favent
952 3196 1065 3244 meliores
1080 3197 1156 3253 MSS,
1175 3196 1224 3242 nisi

160 3276 217 3324 vide
225 3277 257 3324 ad
268 3280 344 3335 XIII,
357 3279 403 3336 43,
413 3295 438 3326 n.
448 3285 472 3332 4.
483 3305 518 3312 -
527 3280 630 3333 Pactus,
643 3288 670 3323 nt
713 3276 781 3341 quod
793 3277 820 3322 in
830 3275 944 3322 omnibus
956 3287 992 3324 est
1006 3285 1186 3330 remanserant,
1201 3284 1225 3324 et

161 3354 272 3412 inermes,
284 3367 329 3403 etc.
341 3378 354 3397 α
362 3357 424 3404 forte
431 3368 531 3420 pactos,
543 3367 571 3403 ut
579 3358 669 3414 XXII,
712 3357 739 3402 in
750 3370 801 3402 uno
813 3353 983 3409 remanserint,
997 3370 1044 3418 pro
1054 3369 1104 3416 quo
1115 3367 1224 3399 remane-

162 3432 211 3491 5²3
227 3434 330 3491 ml,
346 3450 386 3493 17,
404 3443 451 3495 473
465 3451 522 3482 nam
539 3435 623 3482 Linius
641 3435 668 3481 iu
713 3447 778 3491 rent,
792 3434 831 3481 vel
847 3448 971 3480 remanere
985 3431 1115 3496 legendum
1129 3431 1224 3479 monuit

160 3509 206 3557 hac
218 3526 243 3556 re
255 3511 303 3556 fere
312 3512 407 3573 pacisci
414 3525 530 3577 etpaetos
539 3513 600 3561 dicit
612 3529 665 3570 eos,
711 3517 789 3562 Gron.
804 3513 924 3562 Caeterum
936 3528 983 3560 nec
995 3521 1098 3569 nostrae,
1111 3526 1157 3557 nee
1170 3510 1224 3556 vul-

160 3590 245 3652 quise
264 3587 309 3634 sub
325 3601 389 3637 certa
405 3593 548 3640 conditIone
565 3591 666 3640 dedunt.
712 3603 772 3656 gatae
785 3592 842 3640 lect.
856 3606 990 3656 repugnare
1002 3602 1140 3654 temporum
1150 3589 1224 3638 ratio-

159 3668 208 3716 Sed
215 3666 311 3732 pacisci
321 3668 392 3716 etiam
401 3670 498 3729 dicitur,
508 3672 551 3735 qui
560 3671 601 3717 alii
613 3671 667 3735 pol·
712 3688 781 3729 nem,
795 3671 924 3718 contendit
940 3673 1014 3719 Doer.
1028 3671 1145 3719 adversus
1160 3672 1207 3717 Str.
1216 3706 1223 3729 ,

158 3748 254 3804 licetur,
264 3758 288 3794 et
295 3746 461 3795 conditionem
468 3750 515 3796 fert
525 3750 667 3814 accipienti,
712 3750 755 3813 qui
767 3749 825 3796 hine
838 3750 930 3814 recepit
941 3750 1005 3797 illud
1017 3749 1187 3808 remanserint,
1199 3760 1224 3797 et
1269 3739 1272 3753 ἰ

158 3827 345 3890 velquameum
358 3837 511 3890 accepturum
522 3838 668 3892 putat:qua
712 3845 839 3894 perperam
857 3830 1003 3892 provocavit
1025 3829 1056 3876 ad
1076 3829 1152 3876 verba
1171 3829 1222 3878 cte.
1297 3854 1300 3861 ·

158 3907 253 3951 ratione
266 3905 393 3952 Hannibal
408 3921 504 3968 quoque
521 3907 570 3954 dici
587 3918 669 3971 potest
712 3912 784 3957 Tuae.
794 3910 876 3972 Qn.V,
888 3924 901 3968 7
912 3923 918 3956 :
930 3908 1024 3955 Xerxes
1029 3885 1223 3972 proemiumpro·

160 3999 217 4030 eum
227 3984 257 4030 iis
268 3995 354 4047 paetus
367 4000 433 4043 esse,
444 3996 487 4044 ut,
499 3986 520 4032 si
530 3986 616 4036 urbem
627 3987 668 4034 de·
707 3989 794 4053 posuit
810 3988 860 4051 (sc.
874 3987 908 4043 ei,
920 3988 988 4050 quod
1001 3987 1032 4035 ab
1048 3989 1117 4047 Em,
1128 3999 1156 4036 ut
1166 3987 1193 4036 h.
1206 3983 1223 4034 l.

163 4061 264 4122 dorent,
276 4075 332 4110 curn
346 4063 447 4129 sIngulie
461 4064 608 4115 vestimentis
620 4067 670 4114 abi-
714 4069 740 4115 iu
751 4067 806 4117 edd.
817 4079 877 4116 antt.
888 4066 929 4125 iis,
941 4067 1027 4131 adjici,
1037 4067 1079 4116 sed
1091 4066 1224 4130 elegendus
