2782 4568
166 323 237 406 eoa
594 319 632 383 a.
665 319 806 387 nvn
1078 300 1209 405 attat

164 457 386 542 propraetore
406 463 488 510 cum
508 463 552 510 eo
572 439 749 526 exercitu,
768 440 832 535 qui
849 464 959 537 super
972 435 1180 514 Suessulam
1196 447 1236 515 in

164 554 287 625 castris
311 563 404 639 erat,
425 549 556 635 accito,
579 549 632 618 ire
654 546 796 618 obviam
821 548 915 619 hosti
934 565 1036 647 parat
1057 576 1128 624 uec
1147 577 1237 625 mo-.

163 688 240 733 ram
258 658 452 747 dimicandi
469 657 596 729 facere.
611 663 650 730 C.
668 658 857 730 Claudium
871 664 1055 731 Neronem
1068 664 1157 733 cum
1168 689 1234 735 ro-

162 771 252 842 bore
268 772 432 867 equitum
448 769 590 839 silentio
607 770 724 839 noctis
743 792 809 865 per
829 792 988 840 aversam
1006 774 1163 844 maxime
1185 774 1233 846 ab

162 882 266 953 hoste
278 889 443 978 portam²
457 878 607 964 emittit;
622 879 978 975 circumvectumque
988 881 1131 953 occulte
1145 882 1234 954 sub·

162 995 266 1090 sequi
279 992 411 1062 sensim
425 1013 553 1086 agmen
565 988 724 1059 hostium
734 987 853 1083 jubet,
868 1005 919 1077 et,
932 1016 1045 1086 quum
1059 1008 1233 1064 coortum

161 1103 324 1202 praelium
341 1100 497 1186 videret,
517 1096 562 1167 ab
587 1111 687 1193 tergo
707 1121 744 1168 se
764 1096 932 1192 objicere.
954 1099 997 1169 Id
1014 1124 1138 1172 errore
1155 1103 1232 1173 via-

161 1239 264 1301 rum,
283 1238 330 1283 an
351 1210 543 1307 exiguitate
566 1208 758 1304 temporis,
779 1211 876 1280 Nero
896 1210 1046 1304 exsequi
1061 1235 1139 1281 non
1161 1237 1231 1310 po·

161 1325 288 1413 tuerit,
303 1323 482 1393 incertum
497 1333 562 1390 est.
582 1317 740 1388 Absente
758 1343 802 1388 eo
820 1342 933 1413 quum
949 1318 1113 1415 praelium
1131 1345 1232 1393 com·

160 1437 308 1505 missum
325 1446 434 1517 esset,
453 1429 618 1527 superior
636 1426 785 1524 quidem
803 1427 899 1498 haud
918 1427 1028 1499 dubie
1041 1435 1232 1504 Romanus

161 1561 258 1618 crat:
275 1542 353 1630 sed,
369 1541 454 1637 quia
469 1540 608 1635 equites
627 1563 703 1608 non
723 1536 869 1625 adfuere
887 1539 926 1608 in
940 1553 1120 1636 tempore,
1133 1542 1235 1612 ratio·

161 1655 369 1752 compositae
378 1648 451 1722 rei³
463 1649 606 1720 turbata
616 1664 680 1719 est.
692 1653 774 1720 Non
785 1674 891 1719 ausus
903 1650 1045 1745 insequi
1055 1648 1231 1723 cedentes

159 1759 604 1851 Marcellus,vincentibus
614 1760 687 1830 suis
697 1760 838 1856 signum
848 1760 1010 1857 receptui
1019 1759 1132 1830 dedit.
1143 1762 1231 1833 Plus

161 1891 283 1946 tamen
298 1871 372 1944 duo
387 1870 497 1940 millia
512 1869 670 1940 hostium
690 1895 734 1941 eo
748 1870 805 1941 die
820 1894 907 1941 caesa
925 1869 1120 1941 traduntur
1134 1879 1230 1945 :Ro-

160 1986 258 2055 mani
282 1985 402 2053 minus
428 1978 713 2078 quadringentis.
739 1980 831 2051 Solis
853 1978 927 2051 fere
954 2005 1082 2052 occasu
1104 1986 1229 2071 Nero,

160 2095 257 2167 diem
272 2107 492 2187 noctemque
508 2089 758 2187 nequidquam
776 2087 930 2187 fatigatis
949 2092 1051 2187 equis
1065 2091 1231 2165 homini-

158 2203 320 2300 busque,
340 2227 386 2274 ne
403 2203 479 2272 viso
498 2198 647 2298 quidem
661 2199 766 2270 hoste
786 2200 945 2289 rediens,
962 2200 1053 2272 adeo
1068 2205 1229 2298 graviter

161 2331 214 2388 est
228 2315 273 2387 ab
288 2313 435 2386 consule
449 2311 661 2407 increpitus,
674 2324 714 2380 ut
724 2333 790 2406 per
801 2333 883 2379 eum
899 2312 1035 2382 stetisse
1051 2310 1227 2402 dicerett,

160 2451 235 2522 quo
251 2427 371 2494 minus
387 2435 533 2518 accepta
549 2418 594 2489 ad
603 2423 744 2490 Cannas
753 2416 967 2489 redderetur
979 2420 1074 2490 hosti
1090 2419 1225 2495 clades.

159 2543 308 2607 Postero
326 2533 383 2603 die
395 2537 579 2602 Romanus
592 2531 630 2598 in
647 2530 757 2599 aciem
778 2527 963 2599 descendit
979 2556 986 2598 :
1002 2535 1157 2620 Poenus,
1171 2545 1227 2605 ta-

159 2646 228 2716 cita
247 2644 354 2712 etiam
373 2638 596 2709 confessione
615 2637 747 2724 victus,
763 2639 884 2708 castris
902 2663 940 2709 se
959 2642 1086 2710 tenuit.
1100 2643 1232 2714 Tertio¹

160 2753 239 2838 die,
262 2750 405 2820 silentio
429 2748 565 2835 noctis,
588 2748 717 2818 omissa
740 2771 804 2843 spe
825 2747 923 2819 Nolae
943 2750 1151 2845 potiundae,
1172 2754 1227 2824 rei

159 2883 348 2956 nunquam
370 2881 544 2955 prospere
562 2870 724 2943 tentatae,
745 2860 941 2926 Tarentum
961 2857 1007 2928 ad
1030 2862 1232 2934 certiorem·

158 2995 260 3070 spem
280 2967 494 3067 proditionis
513 2962 761 3063 proficiscitur.

205 3084 333 3152 XVIII.
353 3083 428 3151 Nec
446 3078 587 3148 minore
606 3077 727 3146 animo
742 3100 799 3146 res
814 3101 963 3147 romana
981 3077 1095 3168 domi,
1110 3106 1226 3178 quam

158 3268 189 3315 ad
198 3267 268 3330 Virg.
279 3267 323 3313 Ge.
331 3266 376 3321 IV,
386 3265 445 3312 560.
456 3266 501 3312 En.
514 3290 549 3300 —-
560 3265 666 3327 Pompo·
709 3262 765 3309 caesi
776 3261 854 3309 minus
867 3263 1049 3328 quadringentis
1055 3284 1066 3323 ,·
1081 3267 1147 3316 sorte
1160 3287 1227 3334 qua·

159 3339 200 3386 nio
206 3333 358 3401 propraetore
363 3352 373 3391 ,⁴
385 3336 417 3383 cf.
427 3337 531 3394 xxltl,
543 3335 590 3394 25,
604 3351 629 3382 n.
641 3343 664 3390 4.
709 3339 845 3405 dringentr',
864 3352 892 3388 ut
903 3343 960 3404 plus
978 3343 1026 3390 duo
1042 3344 1120 3393 millia
1127 3380 1136 3403 ,
1154 3364 1227 3399 more

156 3445 193 3455 -
207 3415 232 3464 C.
246 3414 332 3463 Claud.
343 3414 471 3461 Neronem.
483 3417 625 3462 Praenomen
635 3432 666 3462 ex
709 3418 787 3476 Livii,
800 3436 845 3466 nec
861 3431 941 3467 tamen
956 3432 1084 3485 perpetuo.
1103 3425 1227 3477 Centau

157 3495 243 3544 codice
253 3495 353 3540 Putean.
365 3492 454 3552 adjecit
467 3495 580 3551 Creven,
594 3510 665 3556 quem
709 3498 757 3555 III,
771 3497 817 3556 64,
828 3515 852 3544 n.
865 3497 889 3556 5,
900 3510 924 3546 et
934 3501 979 3557 IV,
990 3501 1036 3557 52,
1046 3517 1072 3550 n.
1083 3502 1108 3549 6.

156 3575 197 3621 alii
208 3573 314 3622 editores
324 3571 421 3633 sequuti
429 3583 498 3630 eunt,
508 3587 582 3634 quum
593 3573 620 3618 in
631 3589 666 3620 re·
746 3584 769 3631 4.
787 3579 818 3622 Ut
825 3592 870 3639 per
880 3593 935 3623 eum
944 3578 1035 3625 stetisse
1046 3580 1140 3630 diceret
1151 3583 1227 3649 (vide

156 3654 229 3715 liquis
245 3654 405 3714 interceptum
422 3649 454 3696 sit
471 3666 484 3696 a
502 3650 580 3714 prima
596 3651 666 3698 litera
709 3653 741 3700 ad
757 3656 797 3712 II,
813 3655 853 3713 31,
866 3671 891 3701 n.
905 3655 942 3719 7),
961 3674 1009 3720 quo
1026 3659 1104 3707 minus
1118 3676 1228 3728 accepta

156 3730 224 3776 vocis
238 3728 368 3793 sequentis.
383 3729 428 3774 En.
710 3733 850 3780 redderetur
862 3732 928 3781 hosti
939 3736 1037 3793 clades;
1052 3738 1110 3785 vide
1124 3740 1158 3788 ad
1168 3744 1228 3804 111,

192 3825 217 3856 a.
229 3812 278 3855 Per
290 3823 399 3854 cansam
415 3824 446 3854 m.
460 3807 493 3853 ab
506 3805 574 3855 hoste
581 3820 664 3871 port.,·
709 3812 756 3868 60,
770 3827 794 3857 n.
809 3812 832 3859 5.
846 3838 882 3849 —-
897 3815 956 3861 Haec
973 3816 1066 3879 inclyta
1081 3817 1114 3864 ad
1130 3819 1228 3872 Nolam

156 3886 213 3933 vide
223 3887 254 3933 ad
264 3887 389 3947 111,5,n.
402 3888 425 3934 3.
706 3905 788 3952 pugna
809 3891 930 3951 ostendit,
953 3905 1070 3956 quantum
1093 3898 1227 3964 Romani,

193 3965 216 4012 3.
232 3965 302 4012 Ratio
320 3964 460 4028 compositae
474 3965 524 4023 ree',·
539 3980 605 4014 uos:
621 3965 664 4012 der
708 3968 769 4015 duee
786 3971 917 4029 Marcello,
934 3973 998 4020 vires
1011 3975 1061 4034 jam
1080 3985 1106 4023 et
1125 3979 1228 4032 animo·

154 4043 311 4092 verabredete
324 4043 407 4091 Plan:
420 4043 665 4093 Stroth—Romani
707 4048 877 4114 fortunamque
890 4065 1039 4116 receperant.
1051 4055 1096 4102 En.
