2782 4568
152 357 225 429 ¹290
579 334 618 398 r.
652 336 792 402 mvn
951 346 954 353 ·
1069 309 1204 410 stara:

153 483 169 518 tt
182 474 259 522 rem
285 446 450 518 dabunt:
469 472 554 518 nam
576 451 605 519 si
631 451 937 548 praetermittimus
962 449 1034 519 hoc
1053 463 1227 546 tempus,

154 584 259 657 «quo
286 560 396 655 magis
419 557 522 646 dare,
549 584 658 656 quam
686 562 867 659 accipere,
891 582 1083 657 possumus
1108 560 1229 631 videri

155 702 171 737 «
187 694 333 768 pacem,
351 694 490 759 vereor,
508 694 554 739 ne
577 669 654 740 haec
672 696 821 768 quoque
841 670 960 740 laetitia
978 669 1137 739 luxuriet
1157 695 1226 740 no·

153 810 170 846 «
183 776 276 868 his⁸,
289 803 330 849 ac
342 803 433 848 vana
448 777 583 849 evadat.
594 782 683 868 Quae
697 795 819 852 tamen
834 806 932 851 nunc
945 804 1093 876 quoque
1106 779 1226 875 qualis

154 921 170 955 «
185 891 263 963 est?
282 889 408 961 Occidi
427 891 605 961 exercitus
622 891 781 962 hostium
799 919 806 960 :
827 892 958 962 mittite
975 890 1106 960 milites
1120 889 1225 960 mihi.

154 1000 290 1092 «Quid¹
306 999 405 1071 aliud
426 1024 594 1097 rogares,
621 1003 650 1071 si
673 1026 767 1073 esses
789 1002 931 1072 victus?
953 1001 1118 1070 Hostium
1144 1001 1228 1097 cepi

154 1143 171 1176 (ι
183 1111 271 1182 bina
284 1126 416 1199 castra,
433 1110 562 1208 praedae
574 1110 740 1182 videlicet
754 1111 861 1209 plena
880 1124 915 1180 et
932 1123 1226 1180 commeatuum:

156 1220 410 1294 «frumentum
428 1236 464 1292 et
479 1223 671 1319 pecuniam
689 1222 783 1292 date.
800 1220 899 1309 Quid
917 1218 1034 1306 aliud,
1052 1219 1082 1289 si
1094 1218 1226 1316 spolia·

156 1364 173 1398 a
188 1347 266 1422 tus,
285 1335 315 1404 si
334 1346 465 1404 exutus
484 1333 607 1404 castris
632 1357 746 1420 esses,
765 1331 931 1428 peteres?
951 1333 1015 1414 Et,
1033 1352 1079 1398 ne
1102 1329 1229 1398 omnia

158 1473 174 1507 κ
190 1445 267 1541 ipse
286 1446 397 1515 mirer
416 1443 528 1540 (mihi
547 1467 695 1540 quoque
718 1443 834 1529 enim,
853 1441 1027 1538 quoniam
1053 1437 1230 1536 respondi

157 1555 405 1644 «Himilconi,
429 1555 652 1652 interrogare
669 1554 728 1649 jus
753 1551 879 1649 fasque
903 1549 1002 1654 est)3
1028 1548 1136 1618 velim
1161 1572 1229 1620 seu

157 1664 361 1753 «Himilco,
380 1689 445 1734 seu
468 1668 574 1761 Mago
595 1662 841 1760 respondeat:
864 1685 979 1757 quum
1000 1658 1043 1729 ad
1064 1661 1229 1730 interne-

156 1776 331 1846 «cionem
361 1775 502 1844 romani
528 1773 671 1871 imperii
693 1786 894 1871 pugnatum
920 1770 964 1840 ad
995 1773 1136 1840 Cannas
1160 1770 1228 1858 sit,

157 1896 404 1978 «constetque
427 1884 466 1951 in
495 1881 698 1953 delectione
727 1897 837 1952 totam
864 1880 1000 1965 Italiam
1031 1903 1127 1964 esse3
1159 1879 1231 1975 pri·

158 2016 289 2062 «mum
317 1993 440 2088 ecquis
471 1992 572 2063 latini
595 1994 753 2064 nominis
777 1992 964 2089 populus9
983 1988 1156 2060 defecerit
1183 1989 1231 2060 ad

158 2133 174 2168 «
188 2103 276 2174 nos?
291 2101 423 2173 deinde
439 2106 563 2200 ecquis
576 2103 707 2191 homo,
722 2128 765 2174 ex
783 2104 945 2200 quinque
958 2116 993 2172 et
1007 2101 1151 2197 triginta
1165 2100 1231 2169 tri-

158 2212 328 2300 «bubus,
343 2213 388 2283 ad
405 2214 644 2285 Hannibalem
660 2210 938 2308 transfugeritln
951 2214 1074 2300 Quum
1092 2222 1231 2278 utrum-

159 2349 230 2420 que
249 2327 355 2420 Mago
375 2339 560 2419 negasset3
582 2325 778 2394 «Hostium
798 2321 946 2418 quidem
966 2346 1068 2417 ergo,
1088 2319 1230 2414 inquit,

158 2462 175 2495 a
191 2431 310 2501 adhuc
335 2434 442 2502 nimis
467 2433 624 2503 multum
652 2446 841 2530 superest:
862 2431 944 2517 sed,
963 2429 1160 2499 multitudo
1187 2453 1232 2500 ea

159 2539 281 2634 «quid
304 2541 529 2624 animorum,
549 2539 683 2633 quidve
701 2542 777 2643 spei
798 2539 947 2624 habeat,
969 2540 1057 2609 scire
1075 2537 1231 2607 velim.»

208 2654 304 2717 XIII.
318 2651 460 2735 Quum,
478 2646 514 2716 id
534 2649 685 2733 nescire,
703 2651 809 2744 Mago
830 2647 982 2717 diceret:
1000 2646 1119 2717 «Nihil
1140 2644 1231 2716 laci-

161 2790 181 2857 ax
190 2759 261 2828 lius
275 2758 366 2826 scitu
381 2771 449 2843 est,
468 2759 596 2854 inquit.
611 2761 754 2855 Ecquos
773 2758 910 2855 legatos
927 2755 973 2826 ad
989 2756 1230 2828 Hannibalem

158 2867 341 2940 «Romani
359 2866 536 2936 miserunt
555 2867 600 2938 de
613 2869 721 2964 pace?
738 2892 890 2963 ecquam
905 2866 1063 2964 denique
1078 2869 1232 2938 mentio·

161 3011 178 3046 a
193 3003 279 3050 nem
297 2978 394 3074 pacis
412 2980 535 3046 Romae
554 2976 683 3048 laetam
703 3002 796 3065 esse,
812 2977 959 3047 allatum
977 2976 1022 3046 ad
1039 3001 1103 3047 vos
1122 2977 1197 3046 est?
1212 3008 1230 3043 s

162 3093 286 3180 Quum
309 3087 346 3156 id
369 3111 517 3183 quoque
541 3102 726 3183 negasset:
751 3086 920 3156 «Bellum
941 3087 1068 3181 igitur,
1088 3087 1229 3181 inquit,

160 3232 177 3268 i<
191 3217 264 3272 tam
283 3203 466 3297 integrum
490 3200 689 3288 habemus,
709 3225 819 3297 quam
842 3199 1054 3286 habuimus,
1076 3224 1148 3295 qua
1168 3198 1231 3270 die

162 3347 181 3383 t<
193 3314 371 3386 Hannibal
387 3317 425 3383 in
439 3308 578 3384 Italiam
597 3330 650 3385 est
667 3327 919 3409 transgressus.
937 3316 1054 3402 Quam
1071 3313 1167 3382 varia
1181 3315 1231 3382 vi-

162 3455 179 3490 «
192 3424 304 3496 ctoria
321 3423 442 3519 priore
457 3425 590 3518 punico
607 3423 725 3494 bello1
745 3423 869 3512 fuerit,
887 3423 1067 3519 plerique,
1082 3424 1146 3520 qui
1159 3447 1232 3494 me·

199 3605 223 3652 8.
238 3600 336 3649 Latitia
352 3599 460 3647 laxarier
476 3600 559 3657 rubim
572 3601 628 3648 vide
641 3601 673 3648 ad
716 3601 836 3659 ridicule,
851 3618 925 3664 quum
943 3604 1032 3649 Poenus
1047 3602 1171 3664 loquatur,
1184 3601 1229 3663 qui

161 3683 198 3739 11,
213 3697 258 3738 21,
272 3696 297 3726 n.
308 3688 332 3735 4.
716 3694 768 3727 non
781 3680 863 3742 potuit
875 3682 951 3743 magIs
964 3680 991 3726 id
1003 3682 1121 3744 punicum
1137 3679 1229 3727 bellum

198 3774 222 3822 9.
233 3758 317 3806 Latini
328 3756 433 3806 nominis
442 3759 563 3820 poprrlus5
573 3758 629 3806 vide
640 3759 671 3805 ad
717 3758 811 3816 dicere,
821 3775 891 3822 quam
901 3762 1038 3815 Romanus,
1049 3760 1069 3805 si
1078 3760 1228 3823 loqueretur,

162 3840 187 3894 Ι,
204 3854 248 3895 10,
262 3854 288 3884 n.
299 3854 324 3886 a.
340 3864 375 3873 -
391 3838 433 3884 Ex
444 3838 545 3884 XXXV
550 3837 671 3895 tribachum
715 3854 860 3886 romanum:
875 3856 932 3903 argo
946 3839 1000 3886 dele
1012 3839 1039 3888 τὸ
1048 3838 1153 3902 punico,
1170 3847 1228 3897 aut,

162 3915 218 3962 vIde
232 3917 261 3962 ad
275 3919 301 3972 Ι,
315 3917 361 3974 43,
373 3932 398 3963 n.
409 3931 452 3962 aa.
466 3916 492 3965 Sl
501 3927 611 3964 accurate
619 3917 670 3964 haec
715 3918 736 3964 si
742 3919 791 3976 vis,
802 3917 896 3978 subjice
905 3935 1020 3973 romano,
1029 3918 1068 3964 vel
1077 3917 1173 3971 italico,
1186 3927 1229 3963 aut

160 3994 237 4050 dicta,
245 3996 294 4054 jam
307 4007 360 4061 tum
373 4005 410 4043 tot
424 3994 502 4041 tribus
515 3994 590 4042 fuere.
710 4008 866 4061 pugnatum
876 3999 953 4044 Gron.
966 3995 1014 4044 Sed
1023 3997 1154 4060 scriptores
1163 4010 1228 4057 saepe

194 4075 254 4123 Cn.
267 4075 338 4123 XIII.
355 4090 377 4120 1.
392 4073 478 4119 Priore
487 4073 578 4135 ptmr'co
593 4074 667 4129 bello,
716 4091 747 4122 ex
765 4092 806 4123 sua
826 4078 920 4125 ratione
940 4077 1086 4139 loquuntur,
1101 4090 1176 4137 quum
1196 4089 1229 4121 ex
