2782 4568
182 305 303 410 ΙΙΙ-,ζῇς
410 330 562 396 LIBER
587 330 714 396 xxu.
742 328 847 394 ose.
874 328 954 394 XL.
1143 349 1207 395 221

157 453 202 519 Se
217 449 402 546 populare
426 448 628 520 incendium
646 455 771 545 priore
795 444 987 517 consulatu
1006 450 1213 518 semiustum

158 560 350 656 effugisse:
372 574 516 654 optare,
538 574 578 628 nt
598 565 721 628 omniu
737 581 915 654 prospere
939 559 1124 627 evenirent.
1143 561 1211 646 At,

156 670 289 766 siquid
300 671 441 740 adversi
453 669 594 740 caderet
605 665 632 754 ³,
652 669 802 737 hostium
815 693 852 738 so
865 664 940 737 telis
947 671 1084 763 potius,
1102 692 1216 762 quom

156 781 341 877 suffragiis
356 786 528 850 iratorum
544 785 690 864 civium,
707 791 817 874 ceput
829 778 1058 870 objecturum.
1074 775 1130 846 Ab
1145 778 1216 850 hoc

159 892 350 962 sermone⁴
369 888 572 988 profectum
596 889 747 959 Paulum
777 885 945 974 tradunt,
968 891 1217 984 prosequenti·

158 1000 227 1071 bus
240 996 483 1099 primoribus⁵
496 1015 652 1098 patrum.
667 997 854 1069 Piebeium
871 997 1055 1066 consulem
1069 1023 1132 1069 sua
1146 1001 1218 1097 pie·

157 1110 222 1183 bes
240 1126 479 1210 prosequuta,
494 1109 620 1197 turba,
641 1132 751 1204 quam
770 1107 960 1204 dignitate,
976 1112 1216 1205 conspectior.

158 1228 207 1294 Ut
222 1224 260 1293 in
279 1239 393 1294 castra
406 1236 606 1309 venerunt,
623 1221 801 1318 permixto
816 1243 913 1288 novo
929 1221 1088 1290 exercitu
1105 1245 1145 1292 ac
1158 1247 1218 1294 ve·

159 1347 256 1420 tere,
279 1334 402 1403 castris
424 1331 588 1402 bifariam
612 1329 732 1419 factis,
753 1344 794 1400 ut
819 1353 914 1399 nova
933 1329 1074 1399 minora
1098 1346 1236 1404 essent⁴

160 1444 310 1543 propius
339 1441 597 1532 Hannibalem,
627 1443 665 1511 in
694 1436 876 1512 veteribus
907 1439 1021 1534 major
1052 1464 1154 1538 pars,
1182 1457 1220 1516 et

162 1579 272 1625 omne
287 1552 402 1623 robur
414 1554 545 1623 virium
559 1565 670 1640 esset3
687 1566 765 1621 tum
781 1550 972 1621 consulum
991 1551 1076 1619 anni
1089 1553 1220 1648 prioris

160 1667 208 1732 M.
221 1663 368 1733 Ati-lium
377 1659 405 1749 ⁶,
420 1677 560 1732 aetatem
578 1676 826 1749 excusantem,
838 1665 1012 1731 Romam⁷
1024 1662 1218 1753 miserunt,

163 1773 359 1842 Geminum
375 1769 589 1842 Servilium⁸
605 1774 644 1841 in
661 1769 861 1842 minoribus
876 1772 1002 1841 castris
1014 1771 1147 1868 legioni
1162 1799 1220 1844 ro-

160 1905 291 1968 manae,
307 1896 344 1952 et
363 1883 499 1954 socium
519 1883 682 1979 peditum
698 1883 933 1979 equitumque
951 1880 1094 1952 duobus
1112 1883 1219 1954 mitti-

163 1989 232 2061 bus
257 1991 469 2090 preficiunt.
495 1990 693 2081 Hannibal,
719 2015 928 2088 quanquam
946 2007 1047 2089 parte
1074 1993 1221 2069 dimidia

163 2117 283 2173 auctas
301 2103 460 2174 hostium
479 2105 600 2200 copias
620 2102 807 2191 cernebat,
822 2116 943 2173 tamen
957 2102 1114 2174 adventu
1130 2131 1221 2177 con-

164 2212 281 2281 sulum
299 2214 388 2283 mire
407 2213 574 2309 gaudere.
590 2216 674 2286 Non
692 2213 811 2282 solum
830 2214 926 2282 enim
941 2212 1030 2282 nihil
1049 2238 1093 2283 ex
1109 2218 1222 2313 raptis

164 2321 202 2389 in
220 2320 315 2391 diem
333 2321 592 2393 commeatibus
611 2321 822 2420 superabat,
842 2324 904 2393 sed
923 2348 988 2411 ne,
1007 2323 1105 2395 unde
1119 2351 1220 2424 rape·

166 2446 243 2520 ret,
267 2431 414 2527 quidem
438 2433 636 2531 quidquam
662 2434 793 2531 'reliqui
812 2449 908 2523 erat,
933 2437 1033 2505 omni
1057 2437 1220 2534 undique

163 2539 365 2631 frumento,
383 2560 576 2641 postquam
592 2570 676 2644 ager
692 2567 821 2642 parum
836 2559 935 2616 tutus
952 2561 1045 2635 erat,
1059 2549 1097 2617 in
1112 2549 1221 2623 urbes

164 2653 320 2746 munitas
337 2669 535 2742 convecto,
554 2669 594 2725 ut
611 2657 669 2725 vix
683 2654 809 2726 decem
828 2655 966 2726 dierum
984 2656 1105 2753 (quod
1124 2685 1221 2730 com·

163 2775 306 2858 portum
326 2777 451 2859 postea
471 2764 546 2860 est)
565 2762 788 2836 frumentum
808 2782 1027 2862 superesset,
1045 2770 1221 2867 Hispano·

161 2986 214 3019 non
225 2973 332 3019 coerceri
343 2973 459 3037 potuisse.
467 2999 501 3009 -
510 2975 540 3018 Se
548 2973 669 3037 populare
750 2991 773 3034 7.
780 2975 888 3021 AEtatem
898 2986 1053 3022 excusantem
1062 2975 1123 3041 (iffi
1130 2981 1161 3027 ad
1171 2983 1220 3045 VI,

111 3051 112 3055 ’
162 3049 298 3097 incendium
310 3069 336 3114 p.
349 3067 371 3097 c.
391 3051 529 3098 semiustum
543 3051 668 3117 ffigisse;
713 3067 758 3111 aa,
772 3069 797 3098 n.
810 3051 838 3115 3)
852 3055 954 3099 Romam
967 3051 1097 3112 miserunt,
1112 3059 1155 3105 ubi
1165 3077 1221 3112 eum

162 3130 219 3177 vide
231 3130 263 3177 ad
276 3147 329 3193 cap.
343 3130 387 3189 35,
401 3147 425 3177 n.
441 3130 465 3178 3.
712 3129 818 3178 triennio
827 3142 884 3194 post
893 3147 1019 3178 censorem
1030 3133 1116 3192 foisse,
1127 3153 1158 3184 ex
1166 3140 1220 3189 Liv.

197 3210 220 3256 3.
234 3210 261 3255 Si
273 3210 334 3273 quid
345 3209 442 3256 adversi
453 3208 552 3256 caderet
562 3227 572 3255 .·
587 3208 669 3255 malim
712 3210 810 3265 XXIV,
827 3224 853 3254 11
863 3225 871 3269 ς
881 3210 964 3257 Valet.
975 3211 1042 3256 Max.
1054 3214 1092 3271 ΙΙ,
1108 3229 1135 3275 9,
1153 3218 1182 3277 8,
1196 3231 1221 3270 fit

162 3287 260 3335 adverse
263 3306 274 3344 ,·
285 3286 542 3353 Rauen—Suffragiis
551 3287 669 3334 iratorum
713 3288 789 3335 Fastis
799 3299 901 3335 constat.
910 3288 974 3334 Hinc
981 3290 1113 3355 Polybium
1122 3311 1223 3361 errasse,

162 3366 260 3423 civium,
272 3367 388 3426 arbitrio,
400 3369 475 3414 Doer.
714 3368 756 3431 qui
768 3367 813 3413 lib.
828 3368 877 3424 111,
893 3375 1025 3427 109,114‚
1041 3373 1102 3431 116,
1117 3391 1172 3423 eum
1185 3379 1220 3426 in.

200 3451 223 3497 4.
246 3446 286 3491 Ab
306 3445 351 3492 hoc
370 3460 493 3502 sermone,
511 3445 592 3491 statim
612 3456 670 3509 post
712 3447 824 3496 terfuisse
833 3461 921 3509 pugnae
930 3450 1090 3508 cannensi‚et
1099 3453 1124 3499 in
1134 3471 1160 3502 ea
1169 3474 1222 3521 per.

162 3538 230 3580 eum,
245 3523 373 3571 strothius.
390 3525 481 3571 Confer
493 3524 525 3570 nd
538 3524 629 3571 librum
644 3528 669 3583 Ι,
712 3527 769 3572 iisse
787 3525 876 3583 tradit,
892 3525 941 3584 jam
963 3525 1066 3575 docuere
1086 3532 1222 3599 Schweigh.

163 3617 216 3664 cap.
228 3617 250 3659 1,
264 3617 289 3647 n.
301 3600 325 3647 5.
712 3605 744 3651 ad
758 3605 799 3652 hh.
816 3605 842 3651 ll.
857 3615 882 3650 et
896 3605 1007 3652 Perizon.
1019 3609 1148 3661 Animadv.
1162 3615 1220 3668 hiet,

199 3681 222 3727 5.
233 3679 432 3742 Prosequentibns
436 3680 595 3742 primoribus,
609 3693 669 3742 οἴω
713 3699 767 3748 cap.
778 3699 788 3729 1
801 3693 863 3731 extr.
873 3700 898 3746 p.
910 3684 951 3730 35.

162 3758 218 3805 vide
229 3759 261 3806 nd
272 3761 321 3817 VI,
334 3759 379 3817 34,
388 3775 413 3804 n.
423 3758 447 3806 6.
457 3786 491 3796 --
502 3759 668 3824 Conspectior;
749 3761 772 3808 8.
788 3761 915 3808 Geminum
926 3762 1049 3811 Servilium
1056 3800 1064 3823 ,
1081 3779 1110 3814 ut
1120 3786 1171 3835 cap.
1187 3775 1220 3830 45

115 3844 116 3848 ’
161 3837 218 3884 vide
231 3838 262 3885 ad
273 3841 311 3897 11,
324 3839 347 3896 5,
360 3855 385 3884 n.
398 3838 422 3883 8.
436 3864 471 3873 -
488 3839 590 3902 Propius
603 3842 670 3887 Han·
713 3839 1221 3902 extr.;videed111,1‚n.1.-Nihilee

162 3916 265 3964 nibnlem
271 3936 282 3975 ,·
291 3919 347 3965 vide
357 3917 389 3964 ad
401 3919 438 3975 II,
451 3919 497 3976 48,
508 3934 533 3965 n.
545 3919 568 3966 5.
713 3919 789 3983 raptis
799 3919 823 3966 in
830 3919 893 3965 diem
900 3923 1070 3970 commeatibus
1077 3931 1222 3991 superabam

198 3996 222 4044 6.
245 3997 373 4044 Consulum
390 3996 451 4043 anni
460 3996 548 4060 prioris
565 4000 600 4045 M.
614 3999 670 4046 Ati-
713 3998 771 4047 vide
780 3997 812 4044 ad
820 3998 863 4046 lib.
873 3999 918 4057 tv,
929 4015 984 4063 cap.
1000 4017 1043 4058 ιο,
1060 4021 1124 4067 n.1‚
1140 4021 1164 4057 et
1174 4011 1218 4059 lib,

163 4074 222 4122 lium
229 4093 239 4132 ,·
254 4076 310 4124 vide
322 4076 354 4124 ad
365 4078 403 4124 nt
407 4109 419 4140 ,
432 4091 475 4136 27,
487 4090 513 4124 n.
527 4077 553 4125 3.
714 4078 789 4136 vm,
800 4092 942 4142 cap.10‚n.
953 4093 975 4127 r.
