2782 4568
159 315 204 401 54
578 322 616 386 r.
650 322 785 388 mvn
1069 298 1191 406 Ιῑὲῐὲὲέῑ

157 441 292 536 capita,
314 438 568 535 vibrantesque
594 441 728 511 dextris
753 440 847 510 tela:
871 462 1080 535 quanquam
1108 453 1144 508 et
1173 464 1217 509 ex

156 548 305 622 adverso
325 547 483 619 terrebat
505 564 603 619 tanta
626 552 679 621 vis
702 551 846 620 navium
865 574 946 620 cum
966 550 1105 645 ingenti
1125 573 1217 619 sono

156 657 332 752 fluminis,
349 673 385 729 et
403 660 558 730 clamore
577 662 675 731 vario
694 675 886 730 nautarum
903 675 938 730 et
959 660 1132 746 militum,
1153 661 1218 755 qui

155 767 365 838 nitebantur
386 795 622 868 perrumpere
643 771 818 868 impetum
840 769 1017 857 fluminis,
1036 784 1072 840 et
1091 770 1153 865 qui
1173 793 1218 839 ex

154 877 265 951 altera
287 879 363 974 ripa
386 880 602 972 trajicientes
625 904 708 950 suos
733 876 1012 951 hortabantur3.
1034 885 1108 949 Jam
1134 879 1225 948 satis'
1280 874 1283 879 ’

154 1003 324 1086 paventes
345 989 494 1067 adverso
513 991 695 1062 tumultut
712 990 908 1062 terribilior
926 990 971 1060 ab
991 1005 1091 1084 tergo
1113 988 1216 1059 ador·

80 1160 83 1167 .
155 1112 214 1167 tus
237 1097 387 1187 clamor,
408 1103 530 1172 castris
553 1100 598 1170 ab
624 1108 802 1172 Hannone
826 1101 947 1198 captis.
975 1103 1060 1169 Mox
1082 1113 1117 1169 et
1142 1101 1217 1194 ipse

156 1207 278 1278 aderat
290 1204 316 1295 ⁵,
332 1233 536 1305 ancepsque
552 1226 669 1282 terror
684 1209 954 1296 circumstabat,
974 1223 1009 1279 et
1028 1234 1046 1279 e
1067 1206 1218 1277 navibus

155 1330 254 1387 tanta
274 1318 308 1386 vi
327 1332 546 1392 armatorum
564 1320 602 1386 in
625 1333 757 1389 terram
781 1320 971 1407 evadente,
991 1333 1026 1388 et
1048 1316 1092 1387 ab
1114 1330 1218 1413 tergo

155 1427 347 1522 improvisa
370 1440 557 1523 premente
580 1428 664 1497 acie.
692 1431 806 1513 Galli,
829 1443 1039 1524 postquam,
1060 1441 1218 1522 utroque

157 1535 226 1603 vim
254 1534 369 1606 facere
396 1532 557 1622 eonattfi,
583 1535 830 1632 pellebantur,
857 1561 929 1632 qua
955 1551 1076 1632 patere
1101 1537 1218 1604 visum

156 1647 309 1716 maxime
325 1647 408 1732 iter,
425 1661 683 1743 perrumpunt,
702 1646 908 1742 trepidique
923 1648 960 1714 iu
976 1648 1072 1715 vicos
1088 1646 1219 1742 passim

158 1779 242 1825 suos
270 1755 473 1851 diffugiunt.
500 1756 697 1843 Hannibal,
719 1758 854 1826 caeteris
877 1757 988 1851 copiis
1014 1780 1079 1851 per
1105 1758 1220 1825 otium

159 1865 333 1958 trajectis,
348 1890 521 1962 spernens
533 1867 604 1961 jam
620 1866 764 1963 gallicos
778 1865 972 1950 tumultus,
988 1878 1099 1934 castra
1112 1865 1218 1935 locat.
1293 1946 1297 1952 ⁸

159 1975 445 2072 Elephantorum
476 1976 770 2070 trajiciendorum
801 1976 896 2045 varia
930 1973 1077 2044 consilia
1110 1972 1220 2045 fuisse

158 2086 287 2161 credo:
304 2101 399 2158 certe
414 2088 546 2161 variata
560 2088 754 2163 memoria⁷
769 2099 853 2159 actae
867 2086 930 2156 rei.
945 2085 1116 2176 Quidam,
1132 2109 1219 2155 con-

159 2311 243 2360 confer
251 2294 339 2376 Polyb.
353 2314 405 2369 111,
416 2311 462 2370 43,
475 2324 499 2360 et
513 2312 569 2362 vide
584 2311 615 2358 ad
627 2313 665 2370 X,
709 2311 739 2359 ad
751 2310 834 2358 Gallos
843 2310 873 2357 ab
884 2312 1004 2356 Hannone
1014 2318 1090 2354 eastra
1101 2308 1220 2371 capiente,

159 2391 205 2448 26,
218 2401 270 2436 not.
284 2391 306 2436 8.
318 2417 352 2425 ——
365 2391 504 2450 Qrcatieutes
516 2403 585 2437 scuta
597 2406 668 2453 super
710 2405 769 2436 mox
787 2389 836 2452 quse
855 2404 951 2451 quoque
971 2387 1078 2434 advenit.
1096 2409 1108 2427 n
1129 2385 1220 2433 Confer

157 2468 240 2531 capita
248 2487 258 2524 ;
272 2469 356 2515 confer
368 2470 520 2526 XXXVIII,
538 2485 583 2527 17,
597 2481 621 2515 et
635 2468 666 2514 ad
710 2470 820 2525 XXVII,
833 2469 877 2525 32,
891 2468 995 2524 XXXI,
1010 2481 1039 2512 ar
1051 2482 1058 2523 ;
1072 2466 1163 2521 XLIV,
1176 2462 1220 2519 45.

159 2545 201 2593 Sil.
214 2549 265 2604 III,
279 2547 342 2602 346,
355 2549 414 2600 348.
710 2550 755 2594 En.
767 2575 802 2582 —
818 2548 912 2609 Anceps
926 2557 1016 2600 terror,
1033 2561 1055 2589 v.
1065 2546 1089 2599 1,
1104 2542 1145 2599 25,
1159 2560 1184 2589 n.
1196 2551 1220 2598 4,

196 2627 219 2672 3.
236 2624 284 2687 Qui
295 2641 327 2670 ex
336 2625 414 2671 altera
423 2626 477 2688 ripa
489 2638 508 2673 t.
516 2642 571 2673 suos
584 2626 667 2673 horta·
746 2627 770 2673 6.
790 2628 896 2688 Utroque
912 2624 963 2671 nim
973 2622 1061 2687 facere
1078 2620 1162 2667 conati
1179 2620 1220 2684 (in

159 2705 261 2759 bantur,
277 2713 406 2767 postquam
418 2702 478 2755 duee
491 2704 667 2764 Hannonejam
712 2721 767 2762 eos,
777 2705 818 2767 qui
826 2704 877 2763 jam
884 2703 1027 2751 transierant
1036 2715 1090 2747 cum
1098 2700 1220 2746 Hannone

158 2781 260 2829 fluvium
272 2783 423 2842 trajecerant.
711 2784 870 2839 Rhodanum,
882 2783 971 2844 quique
987 2795 1052 2826 nunc
1071 2775 1220 2841 transibant)

195 2869 218 2916 4.
226 2860 332 2907 Adverso
341 2861 456 2917 carnoten,
466 2861 507 2924 qui
516 2877 548 2909 ex
556 2861 667 2919 adverso,
712 2880 725 2909 e
738 2864 801 2910 MSS
817 2861 930 2909 Cantabr.
944 2870 968 2906 et
983 2859 1053 2906 Crev.
1071 2857 1150 2919 recepi
1165 2872 1220 2907 cum

159 2938 199 2985 vel
212 2939 238 2984 in
249 2951 394 3003 conspectu,
404 2951 428 2987 et
441 2951 496 2988 ante
509 2941 594 2988 oculos
605 2952 668 3000 erat,
713 2941 803 2992 Stroth.
816 2940 932 2987 suadente
944 2941 995 2986 Jac.
1009 2939 1085 2984 Gron.
1098 2952 1144 2998 pro
1154 2935 1220 2998 vulg.

158 3030 186 3065 ut
202 3029 287 3066 contra
301 3019 394 3064 clamor
410 3018 442 3064 ab
461 3031 534 3083 tergo.
555 3019 670 3073 Similiter
714 3021 776 3067 ultro
792 3019 843 3066 vim
851 3017 876 3082 f.
886 3034 906 3063 c.
920 3019 950 3063 In
962 3017 1023 3062 MSS
1036 3015 1099 3062 Flor.
1111 3025 1220 3076 utroque.

159 3097 260 3151 adversa
273 3097 378 3144 vulnera
388 3109 412 3144 et
427 3097 470 3155 al.,
484 3098 572 3161 quibus
586 3114 670 3146 aversa
713 3101 797 3146 Bauer.
811 3109 835 3144 et
843 3097 908 3143 Duk.
918 3093 1093 3156 junguntultro
1098 3093 1222 3156 pelleban-

161 3185 328 3241 opponuntur.
343 3176 414 3223 Conf.
429 3176 460 3225 ad
469 3178 504 3234 11,
515 3177 562 3238 ad,
573 3193 598 3229 n.
610 3178 633 3224 5.
715 3190 765 3234 tur,
781 3189 805 3224 et
818 3176 858 3222 ille
873 3175 935 3223 ultro
951 3173 1039 3237 accipit
1054 3187 1100 3236 pro
1113 3171 1170 3235 ipsi,
1182 3171 1221 3218 vel

195 3256 218 3302 5.
235 3257 296 3302 Mor
307 3254 390 3319 etipse
399 3256 594 3303 aderatHanuo.
605 3256 670 3302 “Sed
712 3259 761 3315 ita,
781 3268 808 3304 ut
823 3267 846 3303 et
861 3255 930 3305 notio
949 3251 1046 3315 insuper
1058 3251 1085 3297 in
1103 3261 1132 3297 eo
1149 3250 1222 3297 lateat

158 3333 245 3396 etipse
259 3345 335 3382 eastra
350 3346 454 3398 ceperat.
469 3335 518 3382 Cur
530 3350 588 3398 ergo
599 3334 669 3381 addI·
714 3338 775 3402 (non
790 3335 865 3384 modo
877 3334 926 3380 vim
941 3332 1018 3378 facere
1031 3346 1082 3376 non
1095 3338 1221 3393 poterant,

160 3423 200 3464 tur
211 3412 280 3476 ipse?
290 3418 363 3460 Forte
374 3414 420 3476 leg.
436 3413 505 3477 iocis,
516 3414 566 3460 scil.
578 3413 667 3461 Gallis:
714 3416 756 3461 sed
767 3416 880 3475 insuper,
891 3411 937 3475 ipsi
948 3425 1059 3473 quoque,
1072 3424 1085 3455 e
1098 3408 1221 3455 contrario

161 3492 224 3538 sicut
239 3503 315 3539 castra
331 3507 415 3538 eorum
430 3502 538 3554 ceperat,
555 3492 589 3538 ita
604 3507 669 3538 nunc
713 3488 890 3557 pellebantur);
901 3490 941 3536 hic
950 3504 996 3552 pro
1007 3487 1111 3550 insuper,
1122 3503 1173 3534 uon
1184 3502 1223 3538 ex-

160 3571 239 3634 ipsos,
247 3571 273 3615 in
282 3571 335 3634 ripa
344 3568 648 3631 stantes,aggrediebatur;
656 3591 669 3610 υ
713 3581 863 3635 spectantes,
876 3579 904 3615 ut
911 3569 942 3624 V,
955 3565 1000 3625 37,
1018 3576 1069 3612 not.
1082 3581 1109 3622 1,
1124 3575 1148 3612 et
1157 3564 1222 3627 apud

160 3649 245 3702 Bauer.
258 3648 348 3699 Confer
360 3648 392 3694 ad
398 3649 430 3705 V,
442 3648 488 3704 43,
498 3661 524 3702 n.
539 3646 562 3694 5.
575 3674 609 3682 --
619 3647 671 3694 ad·
715 3652 780 3696 Suet.
793 3649 849 3695 Tib.
864 3661 902 3695 11.
919 3644 1010 3693 Confer
1021 3659 1087 3707 supr.
1103 3641 1134 3688 ad
1149 3645 1176 3700 1,
1193 3643 1208 3689 5
1215 3676 1223 3701 ,

124 3775 127 3779 ,
160 3741 243 3771 versus
256 3727 374 3772 Bauerum
388 3725 600 3772 Bttmerohserv.
614 3741 668 3788 pag.
714 3738 739 3774 n.
751 3728 775 3774 6.
794 3728 885 3775 Contra
902 3725 977 3771 Drak.
995 3723 1058 3770 ultro
1076 3720 1223 3782 vimjacere

163 3804 207 3859 52,
221 3802 270 3865 qvae
280 3804 396 3852 defendit.
411 3805 480 3851 Nihil
498 3805 562 3852 enim
576 3815 668 3852 mutato
713 3805 761 3852 dici
771 3805 796 3853 h.
809 3805 826 3851 l.
841 3814 934 3861 mouet,
945 3802 987 3866 qui
996 3801 1092 3848 hostem
1101 3799 1175 3861 prImi
1185 3816 1223 3864 ag·

160 3896 222 3944 opus
238 3891 292 3938 est3
317 3883 408 3946 quippe
425 3884 519 3930 clamor
537 3895 560 3930 et
578 3886 668 3930 Hanno
713 3884 860 3948 gredientur.

161 3959 282 4006 contraria
298 3959 376 4005 videri
385 3960 488 4019 debent,
501 3963 528 4008 in
538 3962 601 4008 bane
615 3978 668 4008 sen·
750 3979 772 4023 7.
801 3962 868 4010 Certe
888 3961 990 4008 uariata
1008 3956 1073 4004 varie
1097 3959 1221 4022 exposita,

161 4037 260 4091 tentiam
277 4051 283 4084 τ
304 4057 316 4076 «
326 4037 431 4085 Primum
450 4040 544 4087 clamor
558 4041 670 4103 pervenit
713 4042 777 4092 varia
789 4052 813 4089 et
825 4040 919 4088 diversa
932 4049 968 4087 est
978 4035 1073 4102 (confer
1087 4037 1157 4098 adl,
1173 4039 1220 4094 43,
