2782 4568
163 321 235 409 ael
581 322 622 387 r.
654 320 795 388 urvu
987 342 991 347 ·
1092 297 1233 417 ἰῖῖέἑί·

163 445 234 517 bus
254 457 368 515 castra
386 441 583 539 posuisset,
606 437 871 537 contemplatus
889 460 933 509 ex
952 438 1190 537 propinquo
1209 442 1257 512 si.

165 573 244 628 tum
265 553 367 625 urbis
389 551 617 647 moeniaque,
643 574 724 647 quae
748 572 830 647 pars
852 548 1031 621 tutissima
1051 549 1258 623 moenibus

165 680 259 754 erat,
281 688 353 761 qua
371 663 526 734 maxime
544 659 744 758 neglectam
764 656 964 730 custodiam
979 657 1096 748 vidit,
1118 686 1167 733 ea
1190 687 1258 761 po-

165 777 343 849 tissimum
364 770 508 869 aggredi
534 771 666 842 statuit.
691 769 915 867 Comparatis
936 768 1144 861 omnibus,
1170 797 1257 871 quae

164 887 209 957 ad
223 883 334 956 urbes
343 881 607 980 oppugnandas
619 881 701 951 usui
714 894 816 968 sunt,
831 869 1100 953 centurionum
1111 881 1259 955 robora

165 1022 210 1069 ex
227 1008 306 1066 toto
323 994 484 1064 exercitu
502 990 653 1088 delegit,
676 987 917 1087 tribunosque
935 989 1034 1062 viros
1053 988 1186 1065 fortes
1205 994 1259 1065 eis

165 1103 341 1207 praelecit,
361 1117 399 1174 et
423 1102 556 1173 milites
577 1114 785 1190 sexcentos,
807 1114 984 1199 quantum
1009 1103 1107 1173 satis
1128 1103 1258 1175 visum

165 1233 237 1305 est,
253 1214 418 1288 attribuit
435 1241 443 1284 ε
461 1237 613 1310 eosque,
635 1211 701 1283 ubi
717 1226 852 1308 quartae
868 1211 995 1309 vigiliae
1015 1212 1180 1308 signum
1200 1239 1259 1287 ce·

166 1329 310 1400 sinisset
318 1337 346 1415 ²,
361 1324 407 1397 ad
426 1348 510 1397 eum
528 1324 651 1396 locum
663 1322 785 1395 scalas
803 1323 909 1419 jussit
929 1320 1037 1394 ferre.
1059 1328 1184 1397 Porta
1204 1324 1258 1399 ibi

164 1437 311 1511 humilis
329 1450 365 1508 et
380 1449 531 1533 angusta
547 1448 642 1521 erat,
658 1435 719 1504 via'
732 1431 956 1531 infrequenti
971 1457 1040 1530 per
1053 1433 1256 1507 desertam

165 1563 303 1649 partem
318 1544 431 1617 urbis.
446 1548 533 1616 Eam
547 1559 690 1643 portam
704 1544 805 1616 scalis
816 1546 917 1643 prius
929 1558 1193 1641 transgressos
1207 1546 1255 1617 ad

163 1681 310 1731 murum
330 1665 498 1754 pergere,
518 1668 616 1725 etex
633 1655 807 1725 interiore
826 1665 927 1748 parte
947 1651 983 1719 vi
1001 1651 1173 1726 claustra
1193 1680 1255 1727 re-

165 1771 321 1866 fringere
332 1763 457 1863 jubet,
472 1778 509 1835 et
522 1776 688 1833 tenentes
698 1760 836 1858 partem
847 1757 947 1829 urbis
961 1783 1085 1830 cornu
1095 1762 1250 1860 signum

164 1880 270 1963 dare,
287 1883 329 1946 ut
350 1888 484 1946 caeterae
506 1872 620 1968 copiae
642 1869 945 1941 admoverentur:
961 1884 1093 1966 parata
1117 1875 1250 1944 omnia

162 2004 273 2086 atque
290 1987 464 2056 instructa
482 2005 559 2053 sese
579 1979 858 2051 habiturumEa
875 1981 1027 2077 impigre
1044 1978 1168 2072 facta3
1189 1997 1247 2070 et,

163 2098 265 2198 quod
293 2095 596 2193 impedimentum
625 2089 815 2187 agentibus
840 2089 920 2161 fore
949 2089 1178 2182 videbatur,
1208 2093 1246 2165 id

164 2211 318 2282 maxime
332 2205 377 2278 ad
390 2201 589 2275 fallendum
603 2201 748 2296 adjuvit.
768 2198 904 2286 Imber,
923 2198 969 2270 ab
987 2214 1102 2270 nocte
1117 2201 1244 2273 media

106 2402 110 2408 ,
164 2337 328 2410 coortus,
348 2316 516 2390 custodes
536 2313 755 2412 vigilesque,
774 2311 931 2409 dilapsos
949 2337 969 2383 e
990 2311 1241 2400 stationibus,

164 2433 356 2530 subfugere
371 2431 409 2499 in
429 2441 523 2499 tecta
548 2425 686 2521 coegit;
713 2423 909 2519 sonituque
932 2423 1051 2520 primo
1067 2421 1241 2520 largioris

164 2542 330 2646 procellae
342 2538 532 2635 strepitum
545 2532 771 2603 molientium
787 2529 952 2630 portam³
971 2531 1138 2603 exaudiri
1152 2556 1239 2630 pro-

163 2654 297 2737 hibuit,
315 2648 448 2720 lentior
461 2641 593 2715 deinde
610 2643 855 2740 aequaliorque
872 2641 1063 2714 accidensl
1080 2641 1238 2717 auribus

162 2883 307 2936 custodiam.
317 2877 400 2941 Vulgo
414 2873 543 2930 custodia5
554 2889 627 2937 quam
639 2874 673 2922 le·
718 2890 772 2921 rum
776 2874 875 2939 perire:
884 2874 975 2922 ultimae
987 2883 1068 2922 autem
1078 2875 1137 2921 voci
1147 2890 1237 2924 manus

162 2966 270 3016 ctionem
282 2974 382 3026 prorsus
397 2953 571 3005 inconcinnam
579 2952 674 3014 judicat
717 2953 823 3002 secunda
845 2953 1016 3018 superscripsit
1040 2968 1091 3016 θος
1112 2954 1185 3002 uude
1210 2954 1237 3002 id

162 3047 234 3096 Cret.
245 3053 270 3090 ct
280 3038 377 3101 reiecit,
390 3052 465 3099 quum
476 3033 577 3080 inVict.
587 3031 673 3080 codice
717 3032 784 3096 quod
805 3032 878 3096 vulgo
898 3032 987 3096 legitur
1003 3043 1193 3096 propagatum:
1211 3045 1237 3082 st

161 3123 279 3190 reperiret
288 3114 439 3169 comediam,-
447 3127 507 3159 mox
517 3111 623 3174 ejusdem
634 3126 674 3158 co·
716 3113 811 3175 ipsoex
820 3111 909 3176 optimi
920 3110 1012 3158 codicis
1023 3111 1134 3175 vestigiis
1149 3128 1235 3160 emcn-

162 3202 223 3252 dicis
235 3198 366 3248 lectionem
378 3191 448 3240 videt
457 3189 545 3237 merito
555 3189 673 3253 anteponi
716 3191 824 3240 dandum
835 3207 887 3239 csse
901 3190 1005 3252 conjecit
1014 3207 1024 3237 .·
1036 3191 1103 3236 Eam
1112 3203 1233 3254 portam,

161 3297 234 3347 posse
247 3277 349 3340 vulgata
361 3270 428 3319 vidit
438 3268 567 3316 existimat.
578 3269 623 3316 Eu.
712 3269 785 3319 scalis
794 3270 865 3333 prius
878 3281 1037 3334 transgressos
1046 3285 1161 3326 murum,
1173 3286 1234 3336 ape·

196 3377 222 3409 n.
238 3360 338 3420 Quarta
354 3348 447 3416 uigilia
465 3348 559 3413 signum
574 3347 670 3395 cerinis·
713 3349 769 3396 rire.
777 3351 839 3396 Ecce
846 3360 1020 3406 contra‚unam
1029 3347 1145 3394 voculam
1155 3359 1235 3398 trans·

161 3431 381 3497 set5vid.adV11‚
392 3429 433 3484 35,
445 3443 470 3473 n.
479 3442 508 3484 a,
520 3427 669 3486 etV11‚4o,
713 3444 809 3493 ponens
824 3428 882 3476 clar.
894 3427 1004 3476 Roellius
1014 3425 1074 3489 legit
1089 3441 1096 3474 :
1114 3427 1163 3474 Ad
1176 3444 1235 3476 eam

160 3538 186 3568 n,
195 3527 220 3574 4,
234 3541 269 3552 .-
285 3510 332 3558 Via
341 3505 538 3573 infreqroeneiper
549 3504 669 3551 desertam
708 3519 823 3571 portam,
839 3523 873 3555 sc.
882 3524 922 3571 pr.
937 3517 1099 3570 mansgressos
1115 3523 1232 3567 murum,

156 3617 185 3664 p.
197 3614 240 3653 u.,·
253 3591 308 3642 ride
322 3588 354 3636 ad
366 3589 406 3644 K,
418 3601 463 3642 11,
476 3601 501 3632 u.
518 3585 541 3632 3.
554 3611 590 3620 -
605 3586 669 3632 Eam
711 3601 829 3650 pergere:
844 3586 885 3633 cui
893 3585 1024 3634 assentitur
1036 3585 1166 3636 Drakenb.
1180 3603 1235 3635 nou

156 3687 257 3742 portam
262 3702 323 3720 .....
324 3679 433 3733 pergem.
449 3664 509 3712 Non
524 3679 582 3710 sana
595 3662 669 3710 lectio
714 3664 779 3712 enim
798 3666 866 3729 prius
883 3664 1158 3730 portam-aperiebant,
1173 3667 1235 3716 dein

160 3757 214 3803 haec
229 3749 308 3800 rideri
321 3757 419 3813 potest;
436 3760 493 3791 nam
512 3743 555 3806 qui
572 3754 668 3807 portam
713 3745 816 3793 claustra
825 3745 998 3808 refringebant.
1005 3745 1051 3792 En.

161 3833 231 3882 scalis
240 3825 382 3892 transgressi
393 3834 450 3872 sunt
460 3838 502 3871 eos
511 3837 561 3869 non
571 3838 668 3870 necesse
694 3856 699 3865 .
749 3825 772 3871 3.
795 3823 925 3888 Strepitum
942 3822 1093 3870 molientium
1108 3837 1236 3888 portam,-

161 3922 198 3961 est
209 3909 240 3957 ad
251 3923 348 3956 murum
361 3919 476 3970 pergere,
489 3916 564 3965 quum
576 3901 668 3966 inipso
712 3901 769 3949 ride
780 3901 812 3949 ad
823 3904 875 3962 vt,
891 3918 919 3949 11
932 3936 940 3961 ‚
953 3918 980 3948 u.
991 3902 1017 3948 5.

158 4004 230 4043 muro
244 3989 302 4035 sint.
315 3988 415 4033 Puteau.
431 3982 525 4038 codex,
538 3981 606 4044 quod
618 3981 668 4040 jam
748 3988 771 4036 4.
783 3981 904 4029 Accidens
914 3980 1013 4028 auribus
1023 3979 1158 4042 strepitus;
1175 3983 1237 4031 vids

159 4068 254 4119 notavit
264 4065 334 4114 Crev.
348 4063 422 4111 habet
433 4074 591 4125 transgressos
601 4077 669 4106 amu·
711 4059 741 4107 ad
755 4062 833 4119 XXI,
854 4076 900 4119 10,
915 4060 989 4108 n.15.
