2782 4568
172 309 242 392 [180
565 307 834 378 EXCURSUS

171 431 293 518 nivre);
313 431 444 494 tertium
469 451 527 518 per
549 427 659 493 Graias
681 430 777 516 Alpes
803 428 903 516 (petit
919 427 1211 518 Saitae-Bernard)
1235 456 1255 496 a

172 534 300 600 Salassis
318 531 359 596 ad
376 532 585 620 Allobrogas,
603 546 755 618 quartum
769 528 911 617 denique
930 552 988 616 per
1000 529 1101 618 Alpes
1121 531 1255 596 Rhaeti-

173 659 240 717 cas,
259 655 325 720 quo
338 632 457 696 Rhaetis
470 632 623 695 Insubres
637 631 866 723 jungebantur.

85 723 90 733 ¹
217 737 330 818 Quum
351 748 459 816 autem
479 755 537 820 per
548 733 704 796 Rhaeticas
721 748 754 795 et
770 730 942 795 maritimas
958 731 1055 820 Alpes
1073 734 1254 798 transiisse

172 839 207 900 in
225 837 349 901 Italiam
366 835 578 898 Hannibalem
595 835 739 922 speciose
758 856 855 896 nemo
873 832 1094 915 contenderit,
1111 833 1159 897 de
1170 835 1254 900 dua·

173 939 235 1003 bus
247 954 373 1000 tantum
385 936 500 1000 mediis
509 936 585 1017 viis,
603 937 702 1000 altera
714 959 773 1023 per
787 935 923 1015 Cottias,
940 935 1037 998 altera
1051 957 1116 1022 per
1129 935 1250 1002 Graias

170 1062 276 1104 sermo
292 1038 345 1101 hic
361 1038 429 1104 erit
954 1106 957 1113 ,
1161 1085 1165 1092 -

214 1143 311 1230 Alpes
328 1140 439 1205 Cottiae
453 1162 524 1226 quae
535 1139 658 1221 forent,
668 1140 791 1226 primus
805 1138 953 1202 omnium
969 1139 1084 1220 Caesar,
1101 1140 1142 1204 B.
1157 1139 1199 1204 G.
1212 1141 1249 1222 I,

174 1265 231 1324 10,
247 1242 392 1323 edocuit,
407 1264 510 1328 quum
526 1241 586 1304 hos
601 1257 728 1304 montes
740 1240 987 1306 transcendisset
1001 1240 1043 1303 ad
1054 1243 1249 1330 reprimen-

173 1343 247 1407 dam
255 1343 475 1408 Helvetiorum
484 1341 664 1429 provincias
671 1365 819 1406 romanas
826 1342 1047 1407 invadentium
1053 1342 1245 1408 audaciam.

172 1444 236 1510 Sed
250 1445 290 1508 de
300 1445 338 1508 iis
350 1467 469 1531 pauca,
482 1462 514 1508 et
527 1468 564 1508 ea
579 1444 795 1532 rapidissime,
812 1445 950 1509 obscure
960 1446 1057 1508 etiam
1068 1445 1245 1510 interdum

173 1564 286 1611 contra
307 1571 450 1628 morem,
472 1547 592 1636 attigit,
616 1546 706 1634 quod
728 1548 763 1611 in
789 1549 909 1612 Caesare
931 1548 1048 1634 raptim
1074 1548 1244 1611 scribente

173 1672 240 1712 non
255 1649 420 1713 miramur.
435 1651 593 1712 Caeterum
606 1649 647 1713 ab
658 1651 774 1730 Ocelo,
785 1647 875 1736 quod
889 1648 1044 1712 citerioris
1056 1649 1244 1713 Provinciae

173 1766 352 1820 extremum
368 1766 477 1831 vocat,
499 1750 639 1814 Cottiam
656 1751 771 1838 Alpem
792 1773 867 1814 cum
886 1751 1031 1837 quinque
1050 1751 1242 1839 legionibus

172 1851 304 1930 trajecit.
324 1852 452 1915 Caesaris
473 1852 674 1938 temporibus
700 1852 784 1914 viam
812 1851 951 1914 Romani
975 1852 1009 1913 in
1033 1850 1100 1914 hoc
1125 1869 1243 1916 monte

170 1950 456 2030 jam'munierant:
473 1951 606 2039 'quando
624 1952 818 2034 munierint,
834 1954 1004 2017 incertum.
1024 1953 1129 2034 Quod
1145 1955 1174 2017 si
1186 1955 1242 2018 Li·

172 2054 240 2136 ri0,
254 2053 310 2118 lib.
320 2055 361 2133 V,
378 2075 446 2140 cap.
462 2052 519 2134 34,
533 2052 611 2116 fides
625 2053 824 2135 adhibeatur,
838 2054 902 2117 hac
917 2053 1145 2143 praeterierunt
1156 2055 1241 2120 Galli

174 2156 231 2244 qui
246 2156 280 2218 in
291 2156 382 2219 Italia
398 2154 633 2219 consederunt:
649 2154 706 2219 sed
724 2156 795 2242 quis
810 2155 920 2219 credat
931 2157 1025 2219 Isarae
1040 2155 1168 2219 accolas
1182 2179 1241 2243 per

174 2250 428 2320 Tricastinorum
442 2278 535 2344 agros
561 2278 652 2319 secus
680 2257 886 2337 Druentiam,
913 2278 1035 2344 perque
1053 2256 1239 2320 Taurinum

173 2359 288 2421 saltum
300 2358 429 2445 longius
442 2359 502 2420 iter
516 2355 693 2438 deflexisse,
710 2358 831 2422 nedum
842 2357 956 2421 vallem
969 2355 1126 2439 fertilem,
1139 2381 1239 2446 quam

174 2461 261 2522 Isara
283 2458 454 2540 interfluit,
475 2458 705 2521 decurrerent?
728 2459 847 2522 Nonne
872 2459 971 2522 satius
996 2475 1045 2521 est
1071 2461 1237 2541 arbitrari,

175 2582 277 2646 quum
300 2558 575 2647 septemtrionales
596 2561 735 2646 populos
756 2560 853 2623 italici
873 2561 941 2624 caeli
961 2561 1131 2625 clementia
1153 2561 1238 2625 inri-

107 2684 109 2689 ·
175 2677 275 2740 taret,
292 2661 495 2745 invicemque
510 2681 623 2723 omnes
641 2662 781 2725 melioris
798 2663 874 2726 solis
886 2686 996 2726 amore
1009 2665 1095 2751 capti
1110 2665 1239 2728 festina·

175 2777 266 2842 rent,
284 2784 353 2824 eam
372 2762 489 2848 cuique
504 2761 660 2847 placuisse
674 2765 772 2845 viam,
787 2787 860 2850 quae
873 2766 990 2852 cuique
1007 2781 1075 2828 erat
1088 2767 1238 2853 proxima

175 2862 428 2949 notissimaque?
446 2861 515 2925 Nec
538 2886 595 2926 sua
617 2863 706 2928 deest
728 2865 806 2928 huic
830 2867 976 2954 opinioni
997 2868 1184 2933 auctoritas.
1212 2869 1238 2931 E

173 2965 311 3052 Polybio
332 2987 449 3052 nempe
470 2980 613 3046 constat,
637 2967 742 3030 Gallos
762 2968 956 3055 cognomine
977 2967 1115 3032 Gaesatas
1138 2992 1237 3058 opem

174 3066 259 3130 Boiis
283 3082 314 3130 et
335 3067 528 3130 Insubribus
552 3067 702 3131 adversus
721 3091 806 3131 arma
824 3092 957 3133 romana
970 3070 1127 3152 ferentes,
1150 3071 1238 3136 idem

176 3185 330 3254 sequutos
349 3191 416 3232 esse
435 3170 512 3249 iter,
530 3168 620 3254 quod
637 3169 799 3232 Hannibal
812 3186 924 3256 postea
942 3171 1054 3259 elegit:
1068 3193 1143 3258 quae
1159 3197 1237 3261 gens

176 3269 347 3334 Germania
364 3271 461 3359 vulgo
476 3270 619 3333 creditur
635 3270 782 3334 oriunda.
800 3272 833 3336 Si
844 3272 943 3336 modo
954 3274 1053 3353 viam,
1072 3296 1174 3360 quam
1193 3276 1239 3339 illi

174 3370 309 3459 ingressi
331 3386 424 3451 sunt,
449 3386 536 3433 certo
555 3369 747 3458 descriptam
771 3371 1001 3460 definitamque
1022 3375 1241 3458 haberemus,

171 3471 237 3550 jam
252 3471 292 3534 de
309 3470 422 3534 itinere
440 3471 626 3535 Hannibalis
639 3494 707 3534 non
723 3472 937 3538 dubitaretur.
950 3477 993 3539 At
1008 3476 1124 3540 Strabo
1142 3477 1241 3542 docet

175 3573 308 3636 Gaesatis
321 3572 520 3635 irruentibus
533 3597 628 3660 opem
643 3573 754 3637 tulisse
767 3575 948 3663 Sequanos,
960 3600 1103 3664 quorum
1112 3579 1141 3641 si
1151 3582 1242 3644 auxi·

175 3674 216 3738 lia
234 3672 425 3754 defuissent,
439 3675 557 3739 frustra
573 3675 645 3737 illos
665 3676 762 3739 Italiae
779 3677 961 3764 ¹ingressum
980 3676 1243 3745 fuisse'tentatu·

174 3798 240 3838 ros.
264 3775 404 3862 Sequani
420 3793 543 3856 autem,
565 3799 634 3840 eam
653 3779 817 3867 regionem
835 3780 1012 3844 incolentes
1026 3802 1125 3866 quam
1142 3806 1244 3848 voca·

176 3897 249 3937 mus
274 3875 543 3940 Francia-Comte‘
569 3893 601 3941 et
628 3879 955 3967 Heme-Bourgogne,
984 3881 1117 3947 Gaesatis
1141 3907 1243 3973 opem

176 3977 259 4040 ferre
284 4000 351 4041 non
372 3995 571 4066 potuerunt,
591 3980 651 4042 nisi
674 3981 733 4044 hos
755 4004 814 4068 per
832 3983 1019 4075 Allobrogas
1039 3982 1102 4047 iter
1123 3984 1244 4052 sedisse
