2782 4568
156 322 225 397 338
576 325 613 389 r.
646 322 783 389 aaran
1063 299 1129 398 tt:
1145 300 1198 413 3331

154 471 226 544 que
251 445 388 531 fuerat,
414 441 676 539 subegeratque
698 443 736 512 in
762 441 950 514 consulatu
976 439 1117 510 Sardos.
1143 438 1225 511 Sub

39 552 52 583 ‘'
154 557 250 628 idem
266 552 341 625 fere
355 569 500 650 tempus
516 567 586 623 eta
601 550 815 649 Carthagine
831 555 869 623 in
886 550 1083 622 Sardiniam
1096 548 1224 620 classis

154 667 281 750 missa,
303 663 396 734 duce
416 661 658 750 Hasdrubale,
681 663 740 733 cui
760 661 869 733 Calvo
892 685 1095 758 cognomen
1119 673 1224 747 erat,

154 775 251 848 foeda
264 787 475 872 tempestate
486 787 627 861 vexata,
643 772 688 843 ad
699 772 852 844 Baliares
866 771 1021 843 insulas9
1032 770 1221 864 dejicitur:

155 885 279 982 ibique
298 884 415 982 (adeo
433 908 509 954 non
529 896 748 953 armamenta
764 881 896 969 modo,
918 880 1104 952 sedetiam
1127 877 1224 948 alvei

156 996 303 1066 navium
320 995 477 1091 quassati
491 993 614 1088 erant)
629 990 816 1062 subductae
832 1015 940 1062 naves
952 989 1040 1060 dum
1052 985 1224 1059 reficiun-

157 1119 235 1191 tur,
259 1104 483 1201 aliquantum
504 1104 676 1200 temporis
695 1103 882 1172 triverunt.

204 1217 349 1284 XXXV.
374 1219 418 1284 In
439 1214 540 1284 Italia
558 1236 672 1309 quum
693 1226 775 1309 post
794 1233 1011 1282 cannensem
1036 1232 1224 1306 pugnam,

156 1322 277 1393 fractis
291 1323 402 1418 partis
416 1321 562 1394 alterius
576 1321 728 1411 viribus,
744 1321 890 1392 alterius
902 1320 1065 1390 mollitis1
1076 1319 1222 1407 animis,

158 1433 302 1531 segnius
318 1431 454 1503 bellum
468 1447 559 1506 esset
574 1461 582 1502 ε
596 1433 771 1533 Campani
784 1457 848 1529 per
862 1456 899 1502 se
914 1429 1030 1500 adorti
1044 1445 1129 1501 sunt
1143 1451 1224 1499 rem

157 1565 349 1612 cumanam
367 1567 438 1612 suae
455 1542 601 1612 ditionis
617 1540 754 1629 facere3
775 1543 893 1639 primo
913 1528 1163 1627 sollicitantes,
1179 1550 1225 1607 ut

157 1651 203 1722 ab
225 1654 397 1723 Romanis
416 1649 612 1724 deficerent
630 1680 637 1722 :
657 1650 720 1722 ubi
738 1651 775 1722 id
793 1676 920 1749 parum
941 1650 1134 1749 processit,
1154 1647 1224 1718 do-

157 1759 293 1844 lumad
315 1762 508 1859 capiendos
523 1787 590 1833 eos
604 1777 826 1860 comparant.
841 1763 1031 1858 Campanis
1050 1758 1225 1831 omnibus

158 1884 291 1939 statum
311 1871 525 1942 sacrificium
544 1871 588 1941 ad
603 1878 732 1942 Hamas
747 1900 755 1941 :
772 1896 815 1942 eo
827 1885 990 1942 senatum
1006 1890 1225 1966 campanum

158 1993 351 2050 venturum
367 1982 537 2052 certiores
552 1985 733 2052 Cumanos
747 1981 930 2068 fecerunt,
943 1981 1225 2077 petieruntque,

158 2103 200 2159 ut
223 2103 259 2161 et
281 2113 456 2161 cumanus
480 2115 523 2160 eo
545 2105 690 2163 senatus
708 2092 849 2163 veniret
873 2089 919 2161 ad
941 2085 1223 2167 consultandum

158 2201 422 2288 communiter,
445 2216 486 2272 ut
503 2201 650 2299 eosdem
671 2216 825 2297 uterque
845 2198 1001 2297 populus
1020 2199 1137 2268 socios
1154 2195 1225 2266 ho-

160 2323 305 2405 stesque
321 2308 473 2380 haberet
486 2337 493 2377 ε
506 2311 711 2404 praesidium
725 2309 777 2380 ibi
793 2322 967 2380 armatum
984 2332 1060 2378 sese
1078 2304 1226 2376 habitu-

158 2441 240 2505 ros,
261 2417 414 2513 nequid
433 2416 478 2486 ab
497 2422 662 2486 Romano
683 2423 841 2488 Poenove
860 2416 1009 2515 periculi
1028 2430 1131 2487 esset.
1148 2419 1226 2487 Cu-

160 2527 258 2593 mani
274 2525 506 2622 (quanquam
524 2540 690 2622 suspecta
705 2524 801 2597 fraus
820 2526 919 2619 erat)
937 2527 1026 2615 nihil
1041 2525 1226 2612 abuuere;

160 2634 211 2703 ita
228 2634 299 2728 tegi
317 2631 424 2704 fallax
444 2635 632 2706 consilium
654 2660 759 2733 posse
784 2639 861 2707 rati.
883 2639 1030 2708 Interim
1049 2637 1100 2706 Ti.
1122 2639 1225 2706 Sem-

79 2774 83 2780 ·
160 2742 312 2838 pronius
327 2744 453 2813 consul
468 2768 640 2816 romanus
655 2749 847 2835 Sinuessae,
862 2772 936 2843 quo
952 2747 996 2817 ad
1009 2747 1228 2816 couvenien-

162 2850 249 2922 dum
273 2852 369 2924 diem
392 2853 588 2945 edixerat2,
607 2859 768 2929 exercitu
789 2856 962 2944 lustrato,
981 2871 1226 2951 transgressus

161 3037 307 3084 consulatu:
321 3037 365 3084 sed
377 3039 403 3089 'm
416 3041 482 3102 quo?
497 3055 552 3087 narn
563 3040 598 3086 bis
612 3057 669 3087 con·
712 3058 771 3090 vero
795 3042 910 3090 dlountur
931 3043 950 3088 ii
971 3043 1014 3104 qui
1028 3040 1054 3086 vi
1069 3041 1223 3105 tempestatis

161 3117 200 3162 sul
206 3115 301 3180 ficerat.
315 3119 346 3162 In
359 3117 503 3179 quibusdam
516 3119 585 3165 libris
600 3135 669 3183 repe·
713 3132 875 3169 avertuntura
884 3119 1048 3179 cursu,autad
1055 3118 1228 3169 temminviti

162 3195 205 3242 riri
214 3195 238 3241 iu
246 3212 289 3242 suo
299 3197 438 3253 consulatu,
449 3207 473 3244 et
481 3196 610 3259 legendum
620 3214 670 3244 esse
713 3200 887 3263 impelluntur,
905 3215 998 3246 summa
1010 3209 1091 3246 tamen
1101 3215 1127 3244 re
1137 3198 1223 3257 salva,
1270 3234 1278 3251 .

163 3273 187 3320 iu
195 3274 277 3337 primo
289 3290 354 3322 cous.
368 3290 420 3320 nou
431 3275 493 3321 male
504 3286 588 3323 monet
601 3276 670 3339 Pigh.
714 3287 742 3326 ut
755 3291 825 3326 notat
836 3279 1022 3327 Crevcr·ius.Eu.
1032 3303 1067 3312 —-
1077 3278 1226 3324 Armatam·

161 3353 188 3399 iu
198 3354 263 3400 Anu.
274 3353 305 3399 ad
314 3369 371 3402 ann.
382 3354 445 3414 519,
453 3371 478 3418 p.
492 3355 539 3415 953
552 3372 606 3402 uam
616 3372 670 3402 voc.
715 3369 756 3415 ta,·
769 3359 826 3405 vide
839 3357 871 3404 ad
881 3358 958 3415 XXI,
971 3365 1017 3416 49,
1030 3372 1055 3402 n.
1069 3372 1092 3416 7.
1106 3382 1142 3391 —
1154 3353 1228 3403 Alaet'

158 3431 252 3495 primo,
267 3433 384 3478 numerali
391 3444 450 3479 nota
456 3433 589 3496 signatum,
600 3432 669 3482 facile
713 3437 825 3493 navim,-
844 3435 901 3483 vide
910 3435 941 3482 ad
952 3437 977 3492 I,
998 3443 1028 3491 4,
1048 3450 1073 3480 u.
1085 3450 1109 3496 9.
1119 3460 1156 3470 --
1169 3434 1226 3481 Sub·

160 3510 306 3558 intercidere
314 3511 431 3573 potuisse.
712 3514 792 3562 ducta
805 3529 892 3569 aaran
903 3513 961 3560 vIde
972 3512 1003 3561 ad
1016 3512 1093 3571 VIII,
1109 3513 1152 3571 αθ,
1163 3528 1189 3560 n.
1201 3527 1226 3560 t.

197 3606 221 3651 9.
240 3589 284 3635 Ad
301 3589 413 3637 Baliares
431 3590 521 3637 t'usulas
541 3590 668 3655 dejicitur;
748 3594 809 3640 Car.
824 3594 933 3640 XXXV.
951 3608 973 3639 1.
992 3590 1098 3639 Alterius
1117 3588 1228 3652 (Parno-

162 3668 219 3714 vide
229 3669 262 3715 ad
275 3670 353 3727 XXI,
367 3685 409 3727 ar,
422 3686 446 3715 n.
460 3685 484 3728 7,
497 3680 521 3716 et
529 3671 607 3728 XXI,
622 3678 668 3732 49,
713 3671 781 3736 rum)
792 3670 889 3718 mollitis
903 3671 990 3717 animis
1008 3671 1111 3733 Capuae3
1126 3669 1179 3716 vid.
1192 3669 1226 3716 ad

162 3761 187 3791 n.
198 3747 263 3792 3.-
272 3750 342 3794 Hanc
355 3749 499 3813 scripturam
512 3749 577 3796 solus
591 3765 669 3796 serva·
711 3766 765 3813 cap.
781 3751 820 3796 18.
833 3776 869 3803 -,
881 3748 1002 3813 Campani
1007 3764 1055 3810 per
1067 3764 1092 3795 se
1107 3747 1182 3813 (vide
1192 3747 1227 3796 aa

162 3824 198 3870 vit
206 3827 348 3875 Victorinus
358 3829 438 3876 codex
449 3828 506 3877 :sed
512 3829 667 3877 codem'allu-
710 3830 759 3886 VI,
774 3844 821 3885 20,
836 3845 861 3875 n.
877 3826 924 3892 13)
942 3827 1027 3874 adorti
1038 3839 1109 3884 sunt,
1124 3826 1225 3884 conati,

162 3900 224 3948 dunt
234 3909 323 3964 carten,
331 3909 374 3968 qui
382 3909 514 3972 praeferunt
522 3908 618 3964 dicitur,
628 3908 667 3955 vel
711 3923 761 3953 rem
776 3907 900 3970 publicam
915 3923 1045 3953 cumanam
1057 3920 1108 3951 suar
1123 3903 1226 3952 didoni}

161 3978 265 4028 ducitur.
280 3983 379 4046 Vulgati
391 3986 481 4034 habent
493 3987 542 4034 hoc
554 3987 611 4033 loco
625 3985 667 4050 eji-
704 3983 806 4050 facem
815 3985 871 4032 vide
883 3985 914 4032 ad
928 3986 1005 4043 XXI,
1019 3986 1064 4040 30,
1074 3999 1100 4030 n.
1110 3983 1134 4030 5.

163 4055 238 4114 citur,-
247 4059 290 4107 sed
299 4061 355 4124 ejici
362 4064 532 4128 naufragorum
540 4063 670 4128 est.Dejici
747 4079 771 4110 a.
787 4065 839 4126 Quo
854 4064 890 4112 ad
902 4078 999 4112 caraea.
1013 4063 1077 4111 diem
1092 4061 1225 4119 edixerat,
