2782 4568
202 310 229 411 l,
240 307 263 408 l]
277 309 323 413 3331
417 327 567 394 Linea
593 326 697 392 xxi.
726 325 830 392 car.
856 327 896 391 L.
916 327 979 391 m.
1162 326 1227 394 103

175 461 348 541 catusque
362 469 576 542 prosperum
591 469 631 514 ac
646 442 783 514 felicem
801 446 838 512 in
854 443 1009 513 Siciliam
1023 447 1227 530 transitum,

174 575 305 630 statum
338 557 467 629 deinde
496 556 637 644 insula,
665 569 700 626 et
727 555 1075 651 Carthaginiensium
1103 572 1229 627 conata

174 671 365 764 exposuit:
384 667 636 763 pollicitusque
656 679 727 752 est,
752 690 826 761 quo
850 666 969 734 animo
992 665 1112 761 priore
1132 663 1228 736 bello

171 780 347 875 populum
375 802 564 847 romanum
593 777 734 870 juvenis
762 775 1001 868 adjuvissetl,
1035 800 1078 844 eo
1108 799 1229 845 senem

172 888 390 981 adjuturum.
417 895 651 971 Frumentum
675 887 960 980 vestimentaque
982 910 1057 954 sese
1078 886 1228 980 legioni-

105 1090 110 1097 *
171 997 239 1068 bus
257 999 431 1085 consulis,
450 1001 625 1093 sociisque
645 994 829 1066 navalibus
850 996 957 1090 gratis
980 994 1227 1091 praebiturum.

172 1108 316 1177 Grande
341 1109 541 1205 periculum
563 1104 719 1200 Lilybeeo
744 1105 1004 1200 maritimisque
1028 1105 1229 1175 civitatibus

171 1241 260 1304 esse,
276 1233 312 1308 et
329 1218 545 1314 quibusdam
559 1214 765 1286 volentibus
780 1240 890 1285 novas
904 1240 960 1284 res
976 1213 1063 1285 lore.
1080 1215 1137 1285 Ob
1153 1215 1228 1287 haec

170 1327 309 1396 consuli
318 1327 409 1396 nihil
418 1324 659 1397 cunctandum
667 1327 801 1413 visum,
813 1326 902 1421 quin
912 1324 1107 1420 Lilybaeum
1120 1327 1228 1396 classe

167 1419 326 1532 peteret;
351 1451 388 1506 et
412 1462 476 1507 rex
499 1437 669 1533 regiaque
693 1436 812 1506 classis
837 1461 910 1505 una
933 1434 1227 1531 profectuNavi·

166 1558 292 1637 gentes
306 1541 409 1631 inde,
426 1558 623 1640 pugnatum
644 1543 689 1613 ad
703 1542 917 1640 Lilybaeum,
935 1542 1102 1640 fusasque
1116 1552 1155 1617 'et
1172 1569 1226 1614 ca·

165 1667 247 1748 ptas
267 1653 426 1724 hostium
445 1679 568 1739 naves,
587 1679 768 1753 accepere.
1108 1724 1111 1728 .

214 1770 271 1834 LI.
299 1768 327 1833 A
353 1764 509 1860 Lilybaeo
539 1765 682 1854 consul,
708 1767 865 1836 Hierone
888 1791 967 1837 cum
997 1767 1106 1836 classe
1129 1767 1226 1860 regia

168 1873 334 1959 dimiss0‚
355 1874 553 1970 relictoque
568 1889 720 1971 praetore
736 1876 781 1946 ad
795 1876 964 1948 tuendam
974 1878 1097 1946 Siciliae
1112 1899 1224 1962 oram,

166 1983 303 2079 ipsein
329 1984 482 2054 insulam
501 1984 694 2070 Melitam,
723 2011 803 2078 quae
828 2011 848 2053 a
873 1985 1227 2080 Carthaginiensibus

165 2090 378 2178 tenebatur,
409 2092 558 2184 trajecit.
590 2091 803 2162 Advenienti
834 2094 1029 2181 Hamilcar,
1062 2095 1227 2188 Gisgonis

98 2190 113 2212 ⁸
165 2199 276 2290 filius,
299 2200 487 2299 praefectus
508 2201 678 2298 praesidii,
704 2226 786 2270 cum
806 2204 915 2299 paulo
936 2205 1055 2272 minus
1080 2201 1225 2272 duobus
1289 2246 1291 2251 ,

165 2309 321 2380 millibus
340 2310 513 2398 militum,
534 2310 782 2407 oppidumque
805 2336 888 2381 cum
910 2311 1025 2381 insula
1044 2311 1222 2380 traditur:

165 2420 248 2490 inde
271 2436 354 2517 post
373 2445 507 2516 paucos
522 2420 597 2490 dies
617 2419 773 2491 reditum
790 2421 1004 2516 Lilybaeum,
1020 2422 1225 2518 captivique

167 2543 203 2598 et
219 2554 239 2599 a
255 2530 403 2601 consule
423 2544 459 2601 et
483 2555 503 2599 a
521 2546 691 2627 praetore,
708 2547 836 2630 praeter
858 2534 1014 2628 insignes
1037 2531 1225 2630 nobilitate

128 2710 134 2719 ,
165 2640 279 2728 viros,
303 2641 369 2711 sub
392 2665 526 2710 corona
541 2642 732 2712 venierunt
744 2653 769 2710 ².
793 2646 987 2738 Postquam
1004 2640 1048 2711 ab
1064 2666 1105 2710 ea
1124 2656 1224 2736 parte

165 2751 248 2818 satis
265 2764 379 2820 tutam
400 2751 552 2824 Siciliam
570 2750 739 2820 censebat
757 2754 902 2840 consul,
923 2752 967 2821 ad
990 2752 1124 2823 insulas
1140 2751 1225 2822 Vul·
1274 2832 1277 2836 ⁴

164 2854 269 2927 cani3
286 2861 382 2954 (quia
397 2859 490 2930 fama
508 2873 602 2946 erat,
617 2874 708 2931 stare
725 2861 775 2931 ibi
788 2863 958 2958 punicam
977 2861 1138 2955 classem)
1151 2874 1224 2929 tra-

198 3043 222 3090 I.
236 3036 321 3082 Priore
334 3036 395 3084 bello
409 3039 528 3102 populum
541 3052 668 3083 romanum
713 3037 780 3083 darn.
795 3038 885 3086 Confer
898 3038 929 3085 ad
942 3055 995 3102 cap.
1019 3040 1064 3099 39,
1083 3054 1108 3082 n.
1132 3045 1159 3092 4,
1181 3034 1224 3080 ubi

153 3114 250 3177 juvenis
264 3115 408 3180 ariy'uvisset;
427 3118 511 3164 confer
520 3116 616 3173 XXIV,
637 3123 670 3172 4,
714 3118 824 3164 Gronov.
842 3129 940 3175 monet,
965 3132 1091 3181 perperam
1105 3113 1180 3161 deleri
1194 3111 1221 3163 ’τὸ

161 3204 185 3239 et
195 3193 283 3256 POlyb·
295 3196 320 3249 Ῑι
333 3197 372 3242 16·
383 3221 417 3230 -·
430 3192 669 3256 Grandepssrt'ffllum
706 3193 766 3258 fitre
779 3212 792 3242 a
803 3198 923 3252 Gruter0‚
937 3211 988 3241 non
1000 3196 1123 3257 cogitante
1133 3208 1158 3238 se
1169 3207 1221 3238 cor-

159 3270 265 3331 Lr'lybaeo
275 3287 337 3328 esse,
350 3273 400 3331 jam
412 3274 495 3319 adesse
505 3289 518 3318 a
527 3271 621 3327 Poenis,
632 3281 666 3326 et,
714 3289 825 3337 rumpere
834 3273 975 3335 elegantiam
988 3272 1058 3318 verbi
1069 3269 1204 3317 volentibus
1215 3288 1225 3316 .·

160 3349 304 3412 quibusdam
310 3350 445 3397 volentibus
454 3367 528 3397 novas
535 3366 581 3406 res,
595 3366 669 3412 quum
714 3367 787 3414 quare
797 3348 993 3412 volentibussore
1000 3349 1109 3408 junxisse
1120 3349 1225 3395 videtur.

160 3427 258 3489 quidam
269 3445 308 3475 eas
320 3440 434 3491 optarent
447 3429 519 3494 (vide
532 3429 563 3476 ad
577 3430 600 3485 Ι,
621 3428 668 3485 52,
748 3429 807 3475 Car.
820 3430 858 3475 LI.
876 3443 898 3474 1.
916 3428 999 3473 Insula
1018 3428 1100 3474 Melite
1112 3427 1174 3474 inter
1186 3427 1223 3473 Si-

158 3523 183 3552 n.
200 3523 225 3564 r;
239 3518 262 3553 et
272 3510 349 3564 xxt,
364 3508 411 3569 39,
424 3507 505 3569 Μ),
512 3507 581 3568 five,
592 3506 667 3558 scilic,
713 3507 792 3553 cilium
808 3519 831 3552 et
842 3506 957 3571 Libyam,
969 3506 1043 3552 hodic
1056 3506 1153 3560 Molem·
1166 3505 1223 3552 vide

157 3584 248 3647 grande
273 3585 423 3649 periculum,
446 3585 524 3632 adhuc
542 3586 668 3633 imminere
712 3586 743 3632 ad
757 3584 1222 3642 sttxltt,251;utod01·.V,12;cic.

156 3662 276 3726 Lilybaeo.
290 3666 328 3710 Ita
346 3680 468 3728 exponere
485 3665 583 3722 malim,
596 3681 667 3726 quam
712 3665 782 3712 Vere.
793 3667 833 3723 ΙΙ,
847 3680 876 3723 7²
887 3681 894 3723 3
904 3665 948 3722 IV,
968 3666 1017 3722 465
1035 3663 1097 3710 Acta
1106 3663 1221 3727 Apostol.

157 3759 213 3790 cum
234 3745 328 3792 Stroth.
348 3743 375 3792 τὸ
387 3744 522 3790 volentibus
538 3744 668 3807 dupliciter
711 3744 837 3800 XXVIII,
850 3759 873 3801 7.

158 3835 256 3882 capere,
267 3832 296 3867 ut
310 3833 358 3868 tam
369 3822 400 3868 ad
410 3838 482 3869 novas
493 3838 542 3879 res,
556 3822 668 3886 quemad
748 3837 771 3867 a.
789 3821 836 3867 Sub
853 3836 945 3867 corona
958 3819 1101 3876 venierunt5
1119 3819 1176 3867 vide
1189 3820 1221 3866 ad

150 3895 210 3961 fore
223 3899 355 3957 referatur,
369 3911 393 3947 ct
404 3901 538 3948 alteravice
548 3900 669 3964 significet
712 3902 750 3957 11,
764 3914 804 3961 17,
816 3917 841 3946 n.
857 3901 880 3945 3.

158 3976 322 4039 cupientibus,
344 3979 417 4025 altera
433 3995 481 4025 non
500 3979 585 4027 invitis.
600 3979 669 4026 Idem
752 3980 775 4025 3.
785 3978 829 4024 Ad
836 3977 927 4027 insulas
936 3979 1054 4036 Vulcani;
1063 3979 1120 4027 vide
1130 3977 1161 4026 ad
1170 3993 1227 4047 cap.¹
1267 4009 1269 4012 -

160 4063 242 4104 tamen
260 4072 312 4105 uon
328 4058 390 4106 male
408 4058 472 4120 conj.
499 4069 523 4108 et
540 4075 557 4106 a
576 4058 672 4124 quibus·
717 4065 835 4121 49‚n.1.
