2782 4568
161 299 231 383 aaa
563 291 831 359 exsensus
1146 286 1150 293 ’
1373 247 1376 368 l

160 418 285 483 venisse
308 415 449 493 Cottiae,
467 434 572 499 eoque
588 427 739 500 superato
754 411 852 498 jugo,
867 408 901 471 in
913 407 1089 470 Taurinos
1105 428 1188 470 esse
1199 406 1258 470 de«
1375 393 1376 412 ³

160 522 286 608 lapsum
297 514 419 599 ,sociis
435 513 501 578 suis
512 513 675 591 infensos,
696 527 729 575 et
743 512 966 577 Romanorum
987 506 1149 570 amicitia
1163 507 1257 571 fero·

160 617 304 685 cientes?

208 718 308 801 Qudd
317 718 343 781 si
358 714 537 780 accuratior
544 715 658 777 fuisset
666 713 757 777 Livio
771 713 918 776 locorum
928 708 1064 791 notitia,
1076 711 1254 797 quoniam

162 837 288 885 mutare
309 817 435 904 Polybii
452 816 667 879 narrationem
689 814 891 894 decreverat,
910 827 943 875 et
956 833 1015 893 ea,
1033 834 1117 898 quoe
1136 811 1182 875 de
1199 813 1256 876 Al·

161 923 252 1010 pium
266 920 404 985 transitu
415 941 536 1007 groecus
553 917 691 1004 scriptor
706 931 880 995 memorat,
895 915 928 977 in
943 912 1040 976 aliam
1056 914 1256 977 transferre

161 1023 346 1110 regionem,
367 1042 477 1083 nonne
494 1034 666 1098 montano,
684 1017 805 1082 nedum
821 1014 989 1103 campestri
1004 1014 1136 1079 itinere
1154 1018 1254 1080 Han·

162 1123 302 1185 nibalem
321 1120 413 1201 iisse,
433 1141 591 1206 eumque,
611 1135 783 1206 postquam
800 1142 818 1183 a
838 1115 996 1181 Rhodano
1021 1117 1160 1199 movit,
1180 1118 1253 1181 Vo-

161 1220 349 1285 contiorum
364 1219 444 1284 lines
459 1243 479 1282 a
496 1218 630 1283 meridie
646 1236 927 1308 praetergressum,
946 1217 1195 1306 Tricoriosque
1215 1236 1251 1282 et

164 1322 330 1411 Caturiges
344 1321 524 1410 ingressum
536 1368 546 1401 ,
560 1319 691 1385 adversa
705 1319 877 1400 Druentia,
895 1316 1036 1381 Cottiam
1049 1317 1180 1407 Alpem
1194 1317 1251 1382 de·

162 1423 288 1487 venisse
301 1423 408 1487 dicere
422 1421 557 1487 debuit?

205 1525 328 1589 Verum
345 1525 468 1590 etiamsi
485 1525 545 1587 alia
561 1522 736 1587 deficerent
750 1536 959 1611 argumenta,
977 1519 1056 1583 satis
1078 1519 1154 1584 haee
1177 1544 1246 1585 una

163 1649 258 1690 causa
267 1628 367 1709 foret,
377 1650 437 1690 cnr
445 1626 571 1690 Livium
580 1648 647 1689 non
659 1645 880 1712 sequeremur,
891 1622 1046 1685 nimirum
1056 1621 1243 1685 Hannibali

163 1750 221 1815 per
234 1729 374 1792 Cottiam
389 1728 503 1815 Alpem
518 1727 688 1791 transitum
700 1748 767 1789 non
780 1725 935 1813 patuisse,
952 1723 1032 1811 quin
1051 1723 1244 1787 certissime

162 1826 197 1889 in
206 1828 365 1890 Taurinos
374 1827 795 1915 incideret3Polybiumque
806 1825 880 1890 ideo
888 1824 1136 1912 anteponimus,
1146 1824 1242 1911 quod

163 1929 278 1991 Poenos
297 1929 403 2016 primo
426 1928 517 1992 aditu
540 1928 750 1994 inlusubres
772 1927 930 2006 deducat,
950 1924 991 1989 ad
1014 1947 1102 2010 quos
1123 1926 1239 1991 statim

163 2027 375 2110 descendere,
388 2029 526 2093 ducibus
540 2028 752 2108 insubribus,
770 2028 918 2116 profecto
935 2026 1066 2106 maluit,
1083 2025 1239 2113 pruden-

164 2129 305 2193 tissimus
328 2130 546 2218 quiunquam
565 2130 722 2194 exstiterit
734 2130 918 2216 imperator.
936 2129 1013 2192 Haeo
1029 2127 1120 2191 enim
1137 2128 1238 2215 Poly·

165 2218 239 2282 blus
257 2218 313 2282 lll).
330 2219 398 2294 lll,
424 2242 452 2283 c.
474 2217 539 2283 56:
564 2231 636 2289 Τέλος
660 2224 707 2293 dl,
727 2228 771 2284 τὴν
798 2229 841 2298 μὲν
864 2230 949 2280 πᾶσαν
966 2226 1067 2296 πορείαν
1090 2227 1119 2278 ἐκ
1140 2231 1237 2286 Καινῆς

164 2317 256 2377 πολεως
281 2319 303 2368 ἐν
327 2318 402 2370 πέντε
422 2317 482 2387 μησὶ
501 2318 688 2387 ποιησάμενος,
709 2316 821 2372 τὴντῶν
842 2303 945 2370 Alutae
969 2311 1105 2384 ὓπεράολὴν
1130 2315 1235 2386 ἡμέραις

164 2403 359 2471 πεντεκαίδεκα,
380 2415 470 2479 κατῇμε
489 2416 613 2480 τολμηρῶς
631 2410 663 2470 εἰς
684 2407 717 2459 τὰ
737 2407 792 2478 περὶ
812 2410 852 2461 τὸν
869 2402 957 2461 Πάδον
974 2402 1054 2459 πεδία
1074 2406 1117 2458 καὶ
1138 2408 1169 2460 τ“ο
1186 2413 1234 2460 τῶν

162 2482 287 2571 Ῐσάμΰρεον
310 2502 383 2560 ἔθνος.

208 2593 303 2657 Unde
326 2593 561 2682 colligendum,
592 2595 806 2659 Hannibalem
838 2618 905 2658 non
938 2593 999 2657 nisi
1030 2615 1091 2680 per
1113 2592 1233 2682 Alpem

162 2695 290 2759 Graiam
314 2695 347 2757 in
368 2695 521 2759 Insubres
541 2699 736 2784 pervenisse.

204 2795 271 2858 Illis
290 2795 443 2860 omnibus
465 2819 550 2859 unus
572 2797 750 2886 opponitur
768 2797 859 2859 locus
880 2819 898 2859 e
915 2793 1075 2859 Strabone
1096 2792 1234 2857 desum·

95 2973 97 2977 ,
162 2912 254 2984 ptus,
272 2920 338 2984 quo
362 2898 435 2960 freti
455 2898 669 2961 Hannibalem
688 2922 746 2986 per
763 2897 884 2961 Cottias
903 2896 998 2984 Alpes
1014 2895 1143 2958 Italiam
1165 2918 1234 2958 esse

162 2997 344 3085 ingressum
358 2998 580 3080 contendunt,
596 3014 628 3060 et
640 2999 674 3061 in
688 2999 798 3087 primis
810 2998 859 3060 vir
870 3014 988 3060 nostrae
1000 2996 1101 3060 aetatis
1114 2994 1235 3059 doctis·
1288 3036 1291 3042 -

162 3098 262 3161 simus
277 3099 445 3179 Letronne,
471 3100 528 3188 qui
552 3099 631 3163 Livii
653 3100 789 3179 assecla,
813 3097 972 3186 quidquid
993 3097 1081 3185 apud
1104 3113 1233 3161 veteres

163 3199 311 3289 opinioni
332 3224 397 3264 suae
419 3201 525 3264 favere
545 3201 649 3263 visum
667 3216 730 3281 est,
754 3201 844 3262 luero
869 3221 1031 3286 apponere
1054 3197 1233 3261 festinavit.

160 3301 432 3365 Strabonisverba
446 3302 624 3382 afferimus,
637 3302 691 3365 lib.
703 3302 748 3365 IV
760 3317 839 3364 extr.
853 3324 885 3388 p.
901 3298 974 3384 293,
988 3297 1039 3362 ed.
1051 3297 1112 3360 Ox.
1129 3299 1233 3385 1807:

162 3400 288 3464 Τέτταροις
310 3395 336 3449 ‹l'
356 3398 503 3470 lintpsstiotte
521 3401 631 3470 ὀνομάζει
653 3402 732 3469 μόνον’
755 3394 800 3451 διὰ
820 3399 914 3468 Λιγύων
935 3397 978 3467 μὲν
1000 3397 1043 3452 τὴν
1065 3397 1176 3465 ἔγγιστα
1198 3404 1235 3466 τῷ

160 3491 296 3560 'supparium
317 3492 428 3560 πελάγει·
448 3485 502 3542 εἶτα
521 3488 565 3547 την
582 3486 626 3543 διὰ
643 3491 786 3563 Ταυρὶνων,
805 3492 833 3548 ἣν
851 3479 957 3549 lutee<
975 3484 1081 3544 διῆλθεν·
1107 3482 1167 3539 εἶτα
1189 3490 1234 3545 τὴν

160 3580 205 3635 aa
228 3588 384 3635 Σολαοοῶν·
419 3584 538 3654 τετάρτην
563 3580 612 3647 dl,
641 3585 686 3640 την
711 3579 756 3637 διὰ
784 3570 899 3636 ῥαιτῶν·
935 3581 1037 3640 ἁπάσας
1066 3577 1235 3650 κρημνώδεις.

161 3671 208 3729 Ae
224 3689 282 3748 ne,
300 3666 371 3752 plus
391 3689 488 3753 quam
509 3664 707 3730 adversarius
733 3668 803 3754 ipse
825 3663 991 3743 concedit,
1015 3663 1161 3749 arripere
1185 3665 1236 3727 vi-

161 3767 310 3849 deamur,
331 3792 367 3830 ea
387 3769 500 3849 verba,
523 3769 628 3855 qualia
651 3770 737 3855 ipse,
758 3788 825 3829 non
847 3767 963 3854 linguat
983 3782 1093 3852 grae'eae
1119 3765 1236 3829 minus

160 3889 257 3951 quam
278 3869 488 3956 Geographiae
513 3886 766 3954 caeterarumque
790 3868 908 3930 artium
932 3886 1049 3955 gnarus
1074 3863 1143 3945 vir,
1164 3867 1236 3956 gal-

160 3967 218 4029 lica
247 3969 401 4050 reddidit,
425 3970 636 4034 exhibemus:
663 4001 675 4025 «
693 3967 810 4053 Polybe
833 3992 878 4051 ne
893 3989 1013 4032 nomme
1032 3988 1094 4053 que
1112 3984 1238 4054 quatre
