2782 4568
1129 329 1156 369 U.
1167 331 1192 370 C.
1205 333 1250 371 218.

640 351 678 415 T.
704 351 844 418 LIVII
1128 393 1249 440 acan.

217 470 307 537 tium
330 489 452 553 arma;
476 492 544 538 nec
567 468 776 558 Hannibali,
800 473 963 543 intanto
989 472 1193 546 discrimine
1219 501 1276 545 re-

216 572 316 665 rum,
338 602 455 676 operae
479 603 554 649 esse
580 579 773 675 legationes
795 580 931 652 audire.
954 567 1179 679 Apparebat,
1201 610 1277 654 non

217 686 389 759 admissos
407 689 574 784 protinus
596 690 849 787 Carthaginem
873 692 1008 762 ituros:
1032 691 1151 763 literas
1170 693 1277 787 igitur

215 800 435 894 nuntiosque
450 799 495 870 ad
509 800 689 896 principes
703 799 867 872 factionis
881 800 1059 873 Barcinae³
1075 804 1275 900 praemittit,

213 924 255 979 ut
273 925 516 1007 praepararent
538 936 687 982 suorum
705 913 861 999 animos,
883 937 930 982 ue
955 913 1043 1009 quid
1062 937 1144 1010 pars
1167 913 1277 982 altera

217 1018 407 1117 gratificari
424 1043 492 1117 pro
507 1022 678 1091 Romanis
696 1035 817 1119 posset
826 1023 850 1090 4.

263 1135 306 1201 X.
319 1136 457 1226 Itaque,
467 1146 706 1230 praeterquam
718 1133 820 1229 quod
829 1129 972 1202 admissi
982 1131 1167 1227 auditique
1179 1145 1276 1218 sunt,

214 1265 256 1312 ea
272 1264 421 1337 quoque
435 1266 527 1310 vana
544 1258 653 1336 atque
672 1245 771 1313 irrita
788 1243 918 1339 legatio
936 1240 1015 1312 fuit.
1036 1247 1166 1311 Hanno
1182 1266 1277 1311 unus

215 1351 365 1422 adverso
382 1360 529 1420 senatu1
546 1373 688 1420 causam
707 1351 870 1439 foederis,
889 1378 1021 1449 magno
1035 1353 1177 1423 silentio
1193 1375 1278 1447 pro-

214 1476 296 1560 pter
317 1460 568 1530 auctoritatem
590 1483 709 1544 suam,
732 1468 810 1531 nori
831 1487 1015 1533 assensum
1038 1463 1278 1549 audientium,

217 1571 298 1668 egit.
316 1569 506 1655 Perdant,
516 1569 705 1657 foederum
720 1569 871 1640 arbitros
886 1597 931 1642 ac
946 1588 1061 1658 testes,
1082 1576 1275 1657 monuisse,

208 1680 429 1778 praedixisse
436 1704 475 1748 se
483 1689 510 1764 ²,
524 1704 569 1748 ne
578 1677 797 1749 Hamilcaris
796 1686 1008 1775 progeniem
1020 1682 1074 1750 ad
1084 1687 1280 1751 exercitum

219 1797 401 1860 mitterent.
417 1793 502 1860 Non
517 1814 657 1875 manes,
676 1815 749 1859 non
759 1787 925 1884 stirpem³
941 1791 1018 1882 ejus
1034 1797 1281 1884 conquiescere

216 1907 289 1971 viri
295 1929 305 1969 :
315 1924 567 1995 necunquam,
577 1899 692 1970 donec
704 1904 1124 1994 sanguinisnomirn'sque
1135 1903 1283 1970 Barcini

217 2018 409 2110 quisquam
423 2017 591 2107 supersit,
611 2014 779 2106 quietura
793 2034 947 2078 romana
949 2009 1102 2098 faedera
1113 2012 1138 2077 l.
1157 2015 1200 2079 «J
1202 2034 1282 2080 uve-

215 2153 233 2188 «
247 2129 332 2194 irem
342 2121 551 2217 flagrantem
565 2121 732 2217 cupidine
746 2121 866 2217 regni,
876 2120 1044 2216 viamque
1060 2144 1169 2189 unam
1184 2119 1229 2190 ad
1243 2118 1281 2189 id

214 2264 230 2299 «
245 2248 466 2320 cernentem,
480 2234 510 2303 si
520 2258 563 2302 ex
575 2230 680 2303 bellis
689 2230 784 2301 bella
797 2231 950 2301 serendo
961 2232 1164 2301 succinctus
1174 2231 1280 2301 armis

221 373 264 415 22

216 2430 346 2478 assentitur
354 2429 497 2477 Victorinus
512 2428 605 2486 codex;
620 2429 656 2475 sic
670 2427 729 2474 alibi
772 2428 849 2474 Elect.
859 2429 884 2484 1,
902 2429 944 2482 18,
957 2443 1070 2490 procum
1080 2444 1186 2474 assensn.
1200 2427 1280 2474 Possis

216 2509 330 2575 efferatos
346 2507 432 2555 militia
446 2508 540 2555 animos
556 2507 619 2554 dixit
637 2507 728 2559 Livius.

216 2591 261 2635 Eu.
279 2615 315 2623 —
336 2589 413 2632 tanto
434 2586 458 2632 in
478 2585 615 2632 discrimine
633 2601 726 2640 rerum,

216 2682 291 2730 quum
300 2677 349 2714 tam
365 2665 446 2726 gravia
456 2675 480 2711 at
489 2664 624 2727 periculosa
639 2674 727 2710 tracta-

217 2756 268 2803 ret,
282 2745 321 2790 bei
332 2761 359 2790 so
378 2743 435 2791 weit
447 2741 610 2789 ausaehenden
628 2741 729 2805 Angeia·

216 2822 361 2889 genitricem
373 2823 457 2869 Bauer.
469 2820 518 2867 Sed
525 2820 581 2868 ride
591 2820 622 2868 ad
629 2822 679 2875 VI,
690 2835 730 2879 17,

218 2920 244 2950 u.
260 2917 281 2947 1.
294 2928 327 2936 -
340 2898 476 2946 Hannibali
484 2915 532 2945 non
546 2916 627 2963 aperae
639 2915 688 2946 esse
699 2900 730 2946 Ie-

219 2981 330 3046 gationes
340 2977 443 3034 audita·
452 2977 503 3025 vid.
516 2977 548 3024 ad
558 2980 584 3035 1,
593 2986 641 3037 aa,
650 2995 675 3026 n.
690 2993 728 3025 10.

219 3062 321 3124 Legatos
333 3057 461 3120 tamenab
480 3072 510 3103 eo
523 3048 643 3127 admissor
655 3057 731 3105 tradit

219 3139 308 3202 Polyb.
319 3138 370 3194 111,
385 3133 428 3192 15,
437 3135 480 3182 sed
491 3146 547 3183 ante
559 3152 631 3199 quam
641 3138 731 3200 Sagun-

220 3230 259 3266 tua
272 3214 410 3281 oppugnari
425 3225 512 3278 coepta.
681 3230 684 3235 ·

256 3299 279 3344 3.
292 3292 415 3342 Factianis
426 3296 517 3350 Barc.;
528 3309 551 3339 v.
562 3309 616 3356 cap.
627 3310 657 3352 a,
670 3311 694 3340 n.
707 3294 730 3342 5.

258 3384 282 3432 4.
295 3374 334 3421 Ne
347 3372 409 3437 quid
412 3388 473 3436 pars
486 3372 565 3419 altera
578 3382 688 3429 senatus,
696 3373 731 3418 fa-

224 3455 274 3502 ctio
284 3450 413 3499 Hannonis
419 3449 486 3515 (vide
496 3450 527 3497 ad
541 3468 594 3516 cap.
607 3469 636 3510 α,
648 3468 673 3498 n.
689 3449 730 3514 5),

115 3580 117 3584 ,
218 3530 359 3601 gratificari
369 3545 418 3592 pra
433 3528 548 3576 Romanis
555 3541 639 3592 posset
644 3547 655 3585 ;
669 3529 731 3575 ioroe

222 3614 250 3658 P.
265 3613 349 3666 Hom.;
360 3608 386 3655 h.
398 3624 419 3655 e.
433 3607 527 3671 populo
539 3622 653 3663 romano,
664 3605 732 3670 quod

223 3691 289 3749 conj.
301 3688 378 3735 Paria.
391 3686 464 3752 prob.
477 3683 553 3733 Drak.

256 3767 318 3816 Car.
332 3769 365 3813 X.
378 3781 399 3812 1.
414 3763 521 3812 Adversa
531 3773 632 3819 senatu,·
641 3759 731 3809 vid.ad

222 3851 250 3907 1,
265 3845 297 3901 46
307 3880 314 3904 ,
323 3860 349 3891 n.
364 3851 388 3898 a.
395 3870 430 3879 -
440 3844 533 3906 Magno
542 3840 637 3888 silentio
646 3838 732 3906 (quum

223 3939 337 3988 magnum
350 3919 472 3967 silentium
487 3921 563 3984 esset)
573 3929 675 3983 propter
687 3933 732 3963 aa·

221 4004 357 4052 ctoritatem
371 4014 457 4054 suam,
474 4012 522 4042 non
536 4008 638 4061 propter
652 4011 733 4042 aasen-

221 4101 273 4131 sum
291 4075 457 4132 audientium,-
471 4075 506 4121 ita
524 4090 537 4121 e
552 4076 616 4134 conj.
637 4073 732 4121 Rubeu.

773 2517 797 2554 et
809 2508 889 2570 legere
900 2523 948 2552 non
956 2522 1064 2553 assensu.
1076 2506 1167 2553 Confer
1175 2508 1226 2561 111,
1239 2521 1281 2564 7²,

773 2601 812 2648 pr.
826 2612 860 2621 -
874 2585 1013 2642 Walchius,
1024 2584 1125 2631 Emend.
1137 2602 1162 2647 p.
1178 2585 1222 2642 78,
1232 2600 1280 2630 non

773 2679 869 2710 assensu
884 2679 939 2711 eum
945 2665 1036 2711 Vossio
1048 2661 1210 2709 revocandum
1225 2679 1282 2708 cen·

773 2753 823 2799 set,
847 2742 902 2804 quia
913 2742 1058 2805 exquisitior
1069 2751 1105 2788 est
1116 2740 1156 2787 illa
1170 2752 1282 2787 constru-

775 2821 865 2868 ctionis
878 2822 996 2880 varietas,
1009 2833 1033 2870 et
1045 2821 1116 2868 Livio
1125 2821 1233 2883 impense
1241 2819 1282 2865 ad-

773 2911 859 2947 amata.
867 2901 994 2949 —Nostri
1004 2900 1102 2947 codices
1113 2915 1166 2945 cum
1176 2914 1282 2944 assensu.

774 2981 847 3027 Mox:
851 2995 897 3042 per
903 2977 1025 3043 deossoed.
1033 2979 1085 3024 arb.
1094 2993 1125 3022 ac
1133 2988 1200 3022 testes
1204 2994 1214 3031 ,⁴
1223 2978 1284 3022 Ora-

774 3058 808 3106 tio
821 3058 949 3105 Hannonis
965 3054 1101 3110 suadentis,
1116 3063 1226 3099 senatum
1244 3055 1284 3101 ab·

774 3136 895 3193 testantis,
907 3151 937 3182 ne
947 3148 1074 3182 romanum
1088 3147 1141 3176 cum
1153 3131 1283 3194 saguntina

774 3214 918 3263 suscitarant
928 3213 1029 3266 beilum
1038 3209 1170 3264 mannase,
1182 3220 1227 3256 etc.
1238 3212 1282 3258 En.

811 3309 834 3339 2.
851 3289 989 3343 Monuisse,
1004 3286 1150 3351 praedixisse
1167 3303 1208 3343 se;
1227 3289 1284 3336 vide

775 3371 807 3418 ad
820 3372 858 3428 11,
875 3384 956 3427 κομι.
967 3375 992 3423 4.

811 3450 835 3495 3.
849 3447 906 3492 Noa
918 3460 1012 3500 manes,
1030 3443 1204 3508 nontamen,
1223 3458 1284 3506 etc.;

776 3525 860 3572 confer
872 3523 915 3572 sil.
928 3526 967 3582 11,
981 3523 1041 3586 296.
1055 3522 1130 3587 Stirps
1141 3525 1285 3573 Hamilcaris

775 3601 821 3650 filii
831 3603 896 3662 ejus,
905 3602 1040 3660 Hannibal,
1051 3602 1190 3651 Hasdrubal
1201 3617 1225 3653 ct
1234 3607 1285 3653 Ma·

775 3696 814 3744 go.
826 3708 862 3716 -
873 3683 956 3729 Donec
960 3716 968 3738 ,
983 3681 1107 3745 quamdiu.

811 3768 835 3814 4.
847 3760 964 3823 Quietum
973 3763 1040 3809 Hom.
1045 3761 1162 3826 foedera,
1176 3776 1226 3806 non
1236 3773 1285 3808 tur-

774 3837 872 3897 batum,
891 3838 1009 3888 violatum
1026 3841 1072 3897 iri,
1089 3851 1140 3886 tuta
1157 3849 1181 3885 et
1202 3852 1284 3888 sancta

776 3917 836 3965 fore.
851 3947 886 3954 -
895 3920 937 3965 Ex
950 3919 1016 3967 tellis
1029 3919 1092 3965 bella
1103 3915 1285 3973 semiramide

776 3995 809 4043 ad
818 3999 855 4053 ΙΙ,
872 4013 898 4054 1,
911 4013 936 4043 n.
951 3999 976 4044 6.
991 4024 1026 4033 -
1042 3994 1178 4040 Succinctus
1193 3999 1267 4045 armis
1273 4033 1281 4055 ,

778 4075 874 4122 armatis
884 4074 978 4123 cinctus
987 4086 1011 4122 et
1020 4073 1159 4120 instructus.
