2782 4568
197 233 221 270 Α.
235 229 258 269 G.
272 233 318 270 218.

198 291 318 336 ...a
457 253 607 320 cluna
632 254 735 318 xxa.
764 253 867 321 car.
896 256 943 320 11.
1209 283 1227 351 7

170 375 218 442 ita
233 371 364 444 deinde
380 396 512 442 novem
528 374 654 442 aunis²
674 373 711 441 in
723 373 896 469 Hispania
914 371 1080 468 augendo
1096 376 1230 468 punico

169 483 322 579 imperio
341 483 466 579 gessit,
482 498 523 554 ut
537 496 742 580 appareret,
757 483 872 576 majus
889 503 992 568 eum,
1009 505 1116 577 quam
1131 483 1229 578 quod

169 606 325 688 gereret,
335 595 469 690 agitare
481 595 647 663 inanimo
658 592 810 678 bellurn,
820 607 871 681 et,
883 594 911 663 si
924 592 1060 662 diutius
1070 592 1228 677 vixisset,

169 701 366 774 Hamilcare
388 703 479 774 duce
504 710 634 776 Poenos
660 728 758 773 arma
781 703 889 773 Italiae
916 702 1080 773 illaturos
1103 699 1230 788 luisse,

169 837 249 907 quae
274 813 483 884 Hannibalis
509 813 622 886 ductu
651 812 863 884 intulerunt.
895 817 995 883 Mors
1023 811 1231 884 Hamilcaris

168 938 516 1020 peropportuna,·et
530 925 687 1023 pueritia
700 922 911 995 Hannibalis
928 921 1144 994 distulerunt
1162 922 1233 995 bel·

166 1033 253 1103 lum.
274 1035 414 1107 Medius
436 1031 662 1107 Hasdrubal³
685 1036 780 1104 inter
803 1047 941 1131 patrem
961 1047 996 1102 et
1014 1033 1129 1104 filium
1147 1049 1230 1105 octo

166 1140 278 1216 ferme
297 1171 412 1218 annos
431 1148 624 1243 imperium
645 1143 826 1228 obtinuit,
847 1141 936 1213 flore
955 1145 1090 1228 aetatis,
1110 1147 1162 1215 uti
1181 1144 1230 1215 fe-

165 1270 270 1343 runt,
288 1256 408 1353 primo
426 1255 621 1327 Hamilcari
640 1253 870 1338 conciliatus3
885 1278 997 1350 gener
1015 1251 1100 1324 inde
1120 1252 1169 1323 ob
1185 1254 1232 1322 al-

165 1377 238 1434 tam
253 1365 414 1438 indolem
424 1369 439 1416 l
449 1380 622 1463 provecto
640 1365 744 1435 annis
762 1362 935 1451 adscitus,
954 1377 1006 1448 et,
1020 1365 1105 1459 quia
1121 1389 1232 1460 gener

165 1490 264 1564 crat,
290 1474 456 1548 factionis
482 1472 661 1551 Barcinae⁵
690 1472 841 1572 opibus,
872 1499 951 1570 quae
978 1472 1076 1571 apud
1102 1474 1232 1544 milites

164 1583 387 1682 plebemque
405 1587 486 1683 plus
505 1597 615 1683 quam
631 1584 780 1656 modicae
803 1599 924 1673 erant,
944 1583 1042 1656 haud
1065 1609 1151 1655 sane
1169 1609 1231 1654 vo-

163 1694 304 1766 luntate
321 1699 545 1794 principum,
561 1698 714 1795 imperio
735 1698 882 1794 potitus.
904 1701 939 1766 Is
958 1695 1063 1792 plura
1080 1695 1230 1767 consilio

163 1829 274 1900 quam
293 1807 328 1874 vi
346 1804 511 1902 gerens⁶,
530 1807 697 1905 hospitiis
720 1806 929 1904 regulorum
953 1807 1085 1902 magis,
1112 1807 1230 1876 conci·

162 1911 365 2011 liandisque
386 1941 452 2014 per
471 1918 662 1989 amicitiam
685 1919 892 2014 principum
910 1917 1017 1985 novis
1038 1915 1228 2014 gentibus,

198 2120 222 2150 a.
240 2105 331 2152 Novem
347 2105 418 2153 annis
430 2105 456 2152 iu
468 2105 602 2170 Hispania,
621 2117 672 2164 ειυς

162 2183 206 2229 ubi
219 2194 244 2231 et
256 2185 338 2249 periit.
358 2185 395 2234 cf.
407 2185 505 2243 XXIV,
518 2193 564 2244 413
583 2184 672 2248 Polyb.

163 2262 242 2320 11‚1;
256 2262 418 2319 etadSil.‚I
434 2271 499 2320 140,
513 2279 550 2325 sq.

198 2341 222 2388 3.
236 2341 332 2388 Medius
342 2341 504 2388 Hasdrubal
494 2353 556 2388 mter
562 2352 671 2404 patrem

162 2428 224 2466 etc.-
217 2421 322 2479 confer
332 2421 421 2485 Polyb
432 2422 470 2479 ΙΙ,
491 2436 518 2478 1,
532 2431 556 2468 et
570 2417 616 2479 36;
630 2421 672 2468 Sil.

163 2499 188 2555 1,
204 2506 266 2558 ill,
275 2516 311 2562 sq.
317 2499 531 2556 -Floreoetatis,
544 2514 616 2564 quem
626 2501 673 2546 Ha-

162 2576 254 2624 milcari
262 2578 392 2626 fruendum
398 2578 548 2642 praebuit‚'
527 2595 550 2626 ei
560 2577 674 2625 concilia·

162 2666 215 2712 tusa
224 2657 309 2705 confer
317 2673 371 2721 cap.
382 2658 409 2717 3;
421 2667 446 2704 et
457 2657 550 2721 Nepot.
564 2656 671 2704 Hamile.

163 2734 194 2779 31
209 2749 216 2781 ε
234 2757 246 2775 «
258 2737 321 2783 Erat
328 2747 451 2799 praterea
462 2751 556 2782 cumea
567 2734 673 2800 (Hamil-

163 2809 237 2876 care)
254 2813 391 2862 adolescens
405 2813 519 2870 illustris,
529 2811 673 2878 firmatus,-

162 2907 235 2953 quem
243 2893 352 2941 nonnulli
357 2893 428 2957 diligi
433 2891 537 2956 turpius,
546 2908 621 2956 quam
625 2909 675 2955 par

162 2981 228 3027 erat,
237 2971 269 3017 ab
279 2972 420 3019 Hamilcare
431 2972 618 3035 loquebantur.»
628 2971 674 3019 Ni·

161 3048 197 3095 hil
215 3049 245 3097 de
262 3067 290 3098 ea
306 3067 332 3099 re
347 3050 414 3115 apud
431 3050 519 3113 Polyb.
533 3052 558 3096 Is
573 3049 674 3098 triremi-

161 3128 208 3176 bus
223 3145 279 3176 eum
291 3129 367 3178 fuisse
382 3129 525 3194 praefectum
540 3127 614 3175 tradit
628 3129 671 3178 lib.

717 2108 788 2153 Hanc
800 2105 892 2154 Dukeri
902 2105 1067 2165 conjecturam
1080 2104 1233 2165 rejicitWal-

718 2184 801 2241 chius,
810 2184 917 2248 etLipsii
927 2183 1122 2231 emendationem
1131 2182 1233 2246 probat;

717 2279 773 2311 uam
781 2263 823 2326 qui
830 2261 890 2309 dant
892 2261 1031 2325 provectior
1037 2261 1116 2318 annu,
1126 2260 1173 2324 ipsi
1180 2277 1231 2308 non

718 2341 916 2389 animadvertisse
924 2340 1040 2387 videntur
1048 2339 1181 2386 ablativum
1181 2339 1232 2406 flo-

717 2437 743 2467 re
754 2437 805 2468 non
814 2431 927 2483 tempus,
942 2419 984 2466 sed
997 2435 1092 2466 causam
1105 2431 1131 2467 et
1144 2419 1233 2466 instru-

717 2511 826 2547 mentum
842 2497 979 2562 significare
995 2514 1001 2547 t
1017 2498 1052 2546 sic
1067 2497 1132 2561 apud
1151 2497 1230 2544 Cicer.

717 2577 780 2626 Phil.
801 2580 838 2635 ΙΙ,
856 2593 870 2624 a
889 2592 896 2626 t
915 2600 928 2618 «
944 2579 1003 2626 Non
1019 2577 1128 2625 venirem
1145 2587 1231 2626 contra

717 2657 831 2719 gratiam,
842 2672 894 2704 non
903 2656 1001 2704 virtutis
1012 2656 1105 2720 specie,
1119 2655 1160 2702 sed
1173 2666 1231 2702 ecta-

717 2736 818 2803 tisflore
827 2737 960 2784 collectam.
966 2759 978 2778 n
988 2739 1072 2800 Itaque
1080 2735 1153 2782 Dralr.
1160 2735 1230 2793 ,Cre-

717 2815 790 2875 verii,
802 2826 827 2863 et
837 2815 966 2863 meliorum
980 2813 1036 2863 edd.
1051 2813 1182 2862 lectionem
1196 2829 1230 2861 ao

717 2895 788 2957 quati
801 2911 891 2942 sumus.
904 2896 950 2943 Eu.

754 2973 777 3019 5.
788 2973 911 3022 Factionis
922 2974 1034 3022 Barcina
1046 2990 1055 3020 .·
1066 2988 1122 3019 nam
1133 2981 1230 3020 senatus

717 3051 824 3116 carthag.
833 3054 859 3100 in
869 3054 929 3100 duas
939 3053 1057 3100 factiones
1065 3052 1157 3098 divisus
1166 3060 1230 3108 erat,
1301 3108 1304 3113 1

716 3131 743 3179 in
754 3132 901 3189 Barcinam,
917 3148 972 3194 quae
984 3130 1116 3180 Hamilcari
1131 3128 1230 3191 ejusque

162 3210 201 3266 ΙΙ,
215 3225 268 3273 cap.
283 3225 305 3258 1.
717 3211 827 3273 cognatis
848 3212 956 3267 favebat,
976 3221 1000 3257 et
1014 3211 1041 3255 in
1061 3208 1148 3264 aliam,
1162 3208 1230 3267 cujus

197 3296 222 3344 4.
235 3287 676 3355 Generinde(deinde‚ut1‚a,¹33;
720 3289 836 3352 princeps
851 3300 902 3336 erat
916 3293 1014 3337 Hanno.
1028 3286 1120 3335 Confer
1132 3301 1185 3348 cap.
1203 3285 1231 3341 3,

160 3367 245 3424 XLII,
258 3368 304 3426 55,
315 3367 366 3433 pr.)
379 3367 410 3414 ob
424 3363 501 3415 altam
512 3366 617 3414 indolem
630 3363 672 3430 (cf.
723 3381 751 3427 9,
767 3380 798 3411 1o
809 3376 833 3412 et
842 3365 871 3412 al.
885 3367 908 3412 A
920 3368 1016 3420 Barca,
1028 3363 1106 3426 gentis
1119 3375 1232 3422 auctore,

160 3445 385 3509 ad1,3,n.a)ab
398 3446 549 3504 Hamilcare,
559 3455 673 3509 provecto
718 3442 841 3491 Hamilcar
861 3445 954 3489 Bareas
974 3441 1170 3504 cognominatus,
1193 3442 1230 3489 di-

88 3540 90 3549 ·
160 3524 248 3581 annis,
271 3524 396 3580 adscitus,
419 3541 450 3571 ex
467 3524 562 3571 emend.
582 3523 672 3587 Lipsii3
719 3535 820 3586 ctusque
832 3521 964 3576 Barcinus,
979 3531 1006 3566 ut
1020 3531 1043 3567 et
1055 3520 1107 3579 ejus
1120 3520 1193 3567 frater
1203 3536 1231 3569 ac

154 3603 280 3667 profi-cto,
286 3602 400 3668 profictu
411 3614 436 3651 et
440 3602 565 3667 profectus
576 3603 601 3649 in
609 3604 672 3650 MSS
718 3601 771 3650 lilii.

159 3692 184 3729 et
198 3681 254 3728 edd.
268 3693 329 3730 antt.
339 3692 467 3745 provectus
484 3681 525 3728 vel
536 3681 674 3744 provectior
753 3681 777 3729 6.
787 3683 812 3728 Is
816 3680 892 3744 plura
901 3678 1001 3726 consilio
1012 3695 1086 3742 quam
1092 3678 1121 3726 ari
1126 3694 1231 3744 gerens..

159 3758 230 3806 annis
248 3758 417 3824 (Hasdrubal,
431 3761 525 3808 scilicet
537 3777 611 3822 quum
627 3761 672 3808 flos
718 3760 807 3816 auxit,·
820 3760 905 3806 confer
918 3758 1006 3823 Polyb.
1021 3761 1058 3816 ΙΙ,
1073 3759 1118 3817 36,
1137 3769 1161 3806 et
1175 3759 1230 3822 Ap·

159 3839 253 3896 aetatis,
264 3856 314 3901 quo
329 3839 461 3886 Hamilcari
471 3840 614 3886 conciliatus
624 3841 673 3887 fue·
718 3840 783 3903 pian.
798 3854 844 3885 rer.
858 3839 930 3901 Hisp.
948 3854 1001 3902 cap.
1017 3846 1031 3892 l,
1047 3849 1071 3884 et
1084 3837 1107 3883 6.
1126 3839 1160 3885 At
1173 3853 1230 3883 cru-

159 3927 195 3963 rat
208 3918 331 3976 exoletus,
345 3919 535 3983 procedentibus
547 3919 616 3966 annis
624 3920 672 3978 jam
719 3919 842 3965 delitatem
856 3918 907 3976 ejus
917 3917 1009 3980 allaque
1021 3917 1079 3964 vitia
1094 3927 1181 3962 notant
1191 3920 1234 3962 Fa·

160 3994 331 4062 defloruisset)
343 3998 408 4057 conj.
420 3996 510 4045 Klock.
526 4008 549 4047 et
562 3996 627 4044 Duk.
640 4023 674 4034 -
719 3997 774 4044 bius
791 4013 830 4061 ap.
841 3996 928 4066 Polyb.
940 3999 977 4043 ΙΙΙ
985 3999 1032 4056 ,8,
1048 4007 1072 4044 et
1081 3995 1124 4043 Sil.
1135 3998 1162 4053 1,
1175 3994 1234 4052 145,
