2782 4568
193 314 235 358 10
605 294 644 358 T.
675 292 814 360 LIVII
1100 272 1162 374 22,ss
1176 276 1222 382 ἓξὲξ

187 433 286 508 opes.
305 413 450 496 Hannn,
473 409 618 481 alterius
632 408 795 482 factionis
809 413 997 508 princeps:
1015 416 1088 482 «Et
1104 437 1245 511 aequum

187 518 401 616 «postulare
422 517 584 609 videtur,
603 521 739 617 iuquit,
756 520 973 608 Hasdruba13
991 536 1026 591 et
1040 546 1108 619 ego
1127 537 1247 592 tamen

187 658 204 691 «
221 654 297 699 non
316 653 463 716 censeo,
481 631 581 725 quod
600 633 709 727 petit,
729 629 962 701 tribuendum
975 642 1026 700 ¹.»
1042 633 1163 720 Quum
1182 631 1246 701 ad-

185 739 376 811 miratione
391 755 464 811 tam
478 742 643 839 ancipitis
660 742 845 811 sententiae
856 742 893 809 in
908 765 946 810 se
959 765 1085 811 omnes
1103 766 1247 812 conver-

184 848 285 917 tisset
313 875 321 916 ε
349 849 525 920 «Florem
550 850 683 934 aetatis,
713 850 851 945 inquit,
878 849 1105 932 Hasdrubal,
1136 875 1246 948 quem

184 984 202 1016 u
220 956 297 1051 ipse
316 959 409 1053 patri
424 958 633 1035 Hannibalis
652 955 846 1028 fruendum
862 957 1033 1056 praebuit,
1051 959 1150 1052 justo
1164 961 1245 1054 jure

185 1095 202 1129 «
222 1090 305 1136 eum
322 1091 342 1136 a
361 1066 436 1138 filio
451 1068 566 1166 repeti
584 1082 715 1138 censet.
730 1071 805 1140 Nos
823 1082 945 1139 tamen
965 1069 1112 1140 minime
1126 1069 1245 1158 decet,

102 1237 104 1242 .
184 1175 443 1275 «juventutem
467 1191 627 1248 nostram
649 1201 717 1274 pro
743 1177 886 1247 militari
900 1175 1107 1248 rudimento
1125 1202 1245 1248 assue-

185 1312 201 1346 «
219 1281 335 1359 facere
350 1286 490 1358 libidini
504 1301 701 1384 praetorum
711 1282 736 1356 ⁵.
752 1287 895 1379 Anlhoc
911 1288 1102 1374 timemus,
1121 1313 1167 1357 ne
1181 1295 1244 1357 Ha-

184 1426 201 1460 «
219 1397 373 1468 milcaris
382 1396 476 1467 filius
487 1397 593 1467 nimis
603 1420 684 1467 sero
697 1394 847 1494 imperia
859 1393 1086 1486 immodical,
1095 1411 1131 1468 et
1142 1400 1245 1495 regni

183 1507 358 1600 «paterni
377 1507 532 1601 speciem
551 1505 692 1577 videat?
712 1522 764 1594 et,
789 1507 893 1602 cujus
913 1509 1007 1604 regis
1024 1531 1159 1604 genero
1179 1506 1245 1577 he·

183 1641 201 1676 a
218 1614 375 1685 reditarii
389 1616 460 1686 sint
468 1615 584 1686 relicti
597 1617 774 1687 exercitus
786 1618 918 1704 nostri,
934 1618 1011 1712 ejus
1026 1616 1101 1688 filio
1116 1642 1245 1715 parum

182 1751 199 1784 «
216 1736 356 1794 mature
366 1725 582 1795 serviamus?
594 1722 688 1821 E'go,
702 1727 810 1796 istum
822 1727 994 1820 juvenem
1007 1726 1106 1796 domi
1120 1742 1244 1803 tenen-

180 1860 199 1894 «
216 1830 320 1916 dum,
338 1833 406 1903 sub
424 1833 581 1931 legibus,
603 1834 670 1906 sub
690 1834 957 1933 magistratibus
975 1833 1181 1905 docendum
1197 1837 1245 1904 vi-

182 1969 199 2002 «
217 1966 301 2013 vere
321 1968 426 2040 aequo
443 1943 523 2039 jure
538 1968 621 2015 cum
634 1945 771 2015 caeteris
787 1969 936 2036 censeo;
951 1970 998 2015 ne
1020 1944 1243 2042 quandoque

181 2074 347 2147 «parvus
365 2053 424 2126 hic
445 2056 538 2152 ignis
554 2054 763 2126 incendium
783 2057 910 2155 ingens
929 2057 1131 2127 exsuscitet.
1155 2087 1171 2122 a

229 2166 290 2231 IV.
306 2165 431 2253 Pauci,
444 2191 485 2236 ac
498 2164 612 2239 ferme
630 2169 789 2265 optimus
807 2169 980 2265 quisque,
998 2168 1168 2237 Hannoni
1184 2167 1244 2237 ad·

181 2271 449 2345 sentiebantur:
468 2276 550 2364 sed,
565 2292 606 2347 ut
625 2277 841 2376 plerumque
856 2275 915 2364 fit,
934 2276 1049 2370 major
1066 2299 1148 2371 pars
1166 2298 1243 2344 me-

179 2378 305 2451 liorem
313 2384 407 2454 vicit.
416 2386 1114 2484 MissusHannibalinHispaniamprimo
1124 2384 1243 2455 statim

178 2489 336 2563 adventu
346 2519 493 2566 omnem
505 2499 703 2568 exercitum
712 2499 750 2567 in
762 2497 997 2569 seconvertit.
1007 2496 1243 2566 Hamilcarem

175 2599 366 2693 juvenem¹
383 2605 566 2678 redditum
583 2607 652 2680 sibi
665 2624 803 2680 veteres
819 2607 949 2678 milites
962 2607 1124 2694 credere3
1143 2630 1241 2677 eum-

104 2746 107 2750 ·
178 2708 260 2780 dem
278 2712 438 2810 vigorem
451 2718 489 2786 in
501 2717 619 2808 vultu,
634 2720 781 2815 vimque
795 2719 834 2788 in
846 2717 975 2805 oculis,
992 2716 1157 2786 habitum
1170 2715 1242 2786 oris

176 2921 286 2978 monuit,
299 2923 411 2971 nondum
423 2926 550 2973 succedere
561 2926 686 2974 Hanniba·
731 2938 778 2982 see,
796 2927 881 2974 confer
893 2925 925 2972 ad
936 2924 979 2972 lib.
992 2926 1090 2982 XXIV,
1104 2939 1155 2979 22,
1174 2937 1201 2969 n.
1213 2921 1242 2976 ,3.

176 2996 224 3045 lem
234 3000 299 3062 patri
308 3000 432 3062 debuisse,
443 3004 487 3051 sed
499 3015 687 3068 crescerentque
768 3005 792 3052 5.
808 3002 967 3067 Assuffacere
979 3001 1075 3049 libidini
1085 3011 1240 3063 pratorum,

176 3076 274 3126 educari
280 3078 307 3125 in
314 3096 382 3144 spem
388 3093 495 3146 paternae
501 3085 627 3148 potentiae,
637 3099 688 3132 non
732 3089 780 3135 τῶν
793 3087 936 3151 στρατηγῶν
945 3079 1104 3144 ;vid.adVI‚
1117 3085 1162 3136 aa,
1174 3092 1200 3124 n.
1211 3092 1236 3136 7.

174 3159 304 3219 potestatis
319 3169 343 3207 ct
356 3161 476 3220 muneris,
494 3163 537 3210 sed
555 3179 628 3227 opum
643 3178 685 3209 au·
764 3163 788 3209 6.
802 3161 909 3225 Imperia
921 3158 1066 3214 immodica,
1079 3155 1158 3219 qualia
1169 3155 1236 3203 fuere

176 3236 684 3304 modulisque.Cf.supraadx,13,n.6.
728 3239 872 3288 Hamilcaris
886 3249 910 3286 et
924 3235 1083 3285 Hasdrubalis
1098 3232 1136 3298 (v.
1150 3233 1240 3298 Polyb.

212 3323 236 3370 4.
250 3318 285 3364 Et
295 3334 392 3382 aequum
400 3318 528 3382 postulare
541 3318 655 3366 videtur.
665 3352 683 3365 ..
729 3321 779 3378 111,
794 3318 822 3382 8)
834 3319 861 3363 in
874 3317 1000 3380 Hispania.
1012 3342 1048 3351 -
1059 3313 1136 3378 Regni
1140 3312 1242 3376 paterni

176 3391 327 3463 tribuendum
334 3415 344 3454 ,·
354 3413 406 3445 non
418 3408 454 3444 est
467 3396 598 3460 quodcum
608 3399 684 3444 Doer.
729 3396 843 3461 speciem,
857 3405 884 3441 ut
895 3395 965 3459 regni
968 3386 1051 3459 ‘genus
1068 3404 1092 3440 et
1105 3390 1241 3439 similitudi-

174 3485 202 3528 τὸ
223 3487 247 3522 et
264 3487 320 3523 ante
338 3492 434 3540 oequum
448 3492 494 3540 pro
506 3474 634 3540 profircto,
654 3490 685 3521 ac
730 3490 784 3520 nem
796 3483 909 3536 appetere
921 3483 946 3520 et
956 3470 1133 3535 concupiscere,
1146 3469 1198 3516 Cic.
1209 3469 1241 3514 ad

174 3571 235 3602 sanc
244 3554 459 3618 dictumaccipias‚
471 3554 510 3602 vel
519 3552 632 3600 emendes
642 3553 687 3599 etsi
730 3553 782 3598 Att.
794 3552 871 3609 VIII,
890 3565 930 3608 11,
945 3561 970 3598 et
988 3553 1040 3608 lx,
1054 3566 1077 3608 7,
1098 3547 1175 3605 dixit,
1193 3548 1240 3594 Str.

174 3648 271 3699 oequurn
279 3648 352 3696 ...ego
361 3643 441 3679 tamen
451 3633 490 3680 vel
501 3643 529 3679 at
538 3648 581 3696 ego
595 3643 683 3677 tamen.
730 3629 778 3676 Sed
792 3629 881 3693 species
898 3640 934 3676 est
946 3628 1029 3692 potius
1043 3625 1176 3690 splendor,
1191 3640 1240 3670 ma-

174 3714 217 3759 Est
231 3727 309 3758 amara
322 3722 345 3757 et
359 3726 447 3774 anceps
464 3709 596 3765 sententia,
613 3725 683 3771 quarn
725 3707 807 3766 jestas.
815 3708 891 3772 Regni
899 3719 924 3755 et
931 3722 990 3753 mox
996 3706 1058 3770 regis
1065 3704 1187 3751 invidiose
1193 3718 1240 3765 pro

174 3794 265 3838 Hanno
284 3805 342 3835 mox
358 3790 463 3853 explicat
481 3788 562 3837 verbis
578 3802 584 3836 :
592 3787 682 3855 florem
727 3786 832 3850 imperio
850 3785 968 3842 erduno,
987 3783 1055 3847 quod
1072 3785 1122 3843 jam
1143 3781 1240 3827 monuit

173 3869 253 3917 artatis
260 3904 278 3915 ..
287 3879 436 3931 mutatorum.
446 3869 537 3916 Confer
546 3867 577 3914 ad
586 3884 639 3930 cap.
651 3883 681 3922 2,
727 3867 802 3913 Doer.
814 3865 936 3928 Specimcn
947 3864 1013 3922 conj.
1024 3865 1110 3908 Bauer.

173 3964 199 3994 n.
208 3945 682 4012 3.-Juseojureeum(scilicetflorem‚·
762 3947 823 3993 Gar.
838 3945 883 3992 tv.
896 3959 918 3989 1.
933 3942 1097 3989 Hamilcarem
1103 3938 1215 4002 juvenem
1227 3957 1237 3993 ,-

172 4025 230 4073 vide
239 4026 270 4072 ad
282 4029 307 4085 1,
321 4041 367 4086 19,
379 4043 404 4072 n.
418 4025 446 4090 ι)
458 4025 534 4090 afilio
546 4024 621 4088 repeti
630 4040 682 4069 cen·
726 4024 756 4069 al.
770 4021 933 4070 Hamilcarem
948 4019 1065 4066 uiuentem
1077 4035 1085 4065 :
1095 4016 1138 4063 sed
1147 4028 1239 4064 veteres
