2782 4568
160 319 228 392 270
578 296 616 362 ‘c
649 296 788 365 mvn
1065 272 1195 378 33:332

158 442 238 488 cam
253 412 269 462 ⁵
282 414 427 485 'tradere
443 414 649 486 Hannibali
661 439 706 485 ae
724 418 843 486 Poenis
860 411 961 484 velle.
987 418 1043 484 Eo
1061 437 1103 486 ‘se
1116 425 1221 516 peri-

157 525 239 596 culo
250 550 358 623 posse
375 523 623 611 liberamus,
643 531 676 594 si
692 550 730 594 sc
743 530 954 621 permittunt
968 525 1035 594 sibi
1040 581 1050 611 ,
1072 543 1122 613 et,
1142 553 1221 600 cer·
1302 539 1306 548 '

157 643 336 707 taurinum
358 643 394 706 ia
412 634 594 732 republica
616 633 735 720 obliti,
760 634 918 705 credunt.
944 640 1067 728 Quum
1091 662 1223 712 omnes
1255 699 1259 705 .

155 748 355 818 victimetu
374 747 647 844 permitterent:
667 775 683 810 ι(
696 745 869 817 Claudam
889 748 925 816 in
947 750 1045 819 curia
1061 775 1143 836 vos,
1162 753 1225 824 in·

156 859 284 954 «quit,
304 872 356 944 et,
381 870 554 951 tanquam
581 869 617 925 et
644 857 719 952 ipse
748 858 892 954 cogitati
915 855 1083 930 facinoris
1104 861 1221 958 parti·
1266 930 1271 938 ,

156 998 173 1034 u
188 991 285 1063 cem,
305 963 541 1064 approbando
558 966 702 1037 consilia
715 1019 725 1052 ‚
740 965 873 1062 quihus
889 969 1136 1064 nequidquam
1154 969 1220 1041 ad·
1246 1007 1249 1012 ·

156 1109 173 1143 u
185 1101 356 1164 versarer,
372 1076 464 1145 viam
478 1075 582 1145 saluti
596 1091 720 1147 vestre
735 1077 927 1147 inveniam.
947 1083 989 1147 ln
1004 1078 1074 1150 hoc
1088 1079 1218 1175 fidem,

156 1220 172 1253 «
188 1212 297 1285 quam
326 1185 435 1255 vultis
471 1186 559 1283 ipsi,
590 1187 782 1284 accipite.»
802 1186 886 1258 Fide
922 1187 1003 1258 data
1034 1213 1218 1284 egressus,

56 1372 59 1378 ,
156 1297 274 1370 claudi
293 1299 428 1369 curiam
442 1295 565 1391 jubet,
583 1296 862 1396 praesidiumque
882 1298 918 1366 in
941 1298 1117 1371 vestibulo
1133 1300 1218 1373 reli-

157 1410 253 1507 quit;
274 1434 321 1480 ne
345 1409 425 1504 quis
452 1406 551 1479 adire
575 1409 714 1492 curiam¹
738 1407 877 1502 injussu·
903 1432 988 1493 sno,
1016 1433 1106 1480 neve
1131 1409 1222 1482 inde

156 1519 277 1617 egredi
295 1520 419 1615 possit.
1134 1527 1137 1530 ’

204 1634 266 1700 ΙΙΙ.
294 1634 396 1699 Tunc
425 1643 554 1699 vocato
579 1628 625 1697 ad
656 1629 869 1699 concionem
893 1630 1047 1726 populo,
1071 1631 1219 1721 «Quod

155 1766 298 1838 «saepe,
324 1741 465 1837 inquit,
492 1740 659 1837 optastis,
684 1743 877 1836 Campani,
901 1754 942 1810 ut
968 1741 1133 1839 supplicii
1157 1766 1219 1813 su·

157 1849 311 1921 «mendi
333 1848 437 1920 vobis
463 1873 504 1919 ex
528 1847 697 1946 improbo
716 1873 756 1919 ac
780 1848 982 1920 detestabili
1004 1865 1131 1921 senatu
1150 1875 1219 1948 po·

157 1974 294 2031 «testas
319 1975 432 2047 esset3
453 1982 531 2029 eam
550 1983 670 2044 nunc,
695 1983 769 2028 non
795 1983 861 2055 per
883 1959 1079 2030 tumultum
1103 1984 1219 2058 expu-

156 2101 172 2136 «
186 2085 337 2169 gnantes
351 2068 479 2141 domos
491 2069 733 2166 singulorum,
746 2094 837 2166 quus
852 2070 1022 2166 praesidiis
1034 2071 1219 2142 clientium

158 2206 448 2287 «servorumque
464 2194 626 2267 tuentur,
645 2204 727 2250 cum
746 2204 887 2250 summo
905 2195 1024 2252 vestro
1042 2182 1219 2279 periculo,

157 2323 174 2359 ιι
187 2294 251 2365 sed
265 2308 379 2365 tutam
397 2291 590 2363 habetisne
609 2289 770 2361 liberam.
790 2292 939 2362 Clausos
956 2317 1083 2363 omnes
1100 2293 1137 2361 in
1157 2317 1220 2363 cu-

157 2434 174 2468 «
187 2406 277 2474 riam
289 2405 457 2501 accipite,
470 2402 582 2488 solos,
594 2401 768 2472 inermes:
780 2426 848 2471 nec
860 2400 1058 2499 quidquam
1071 2403 1220 2498 raptim,

157 2543 174 2576 u
188 2527 249 2582 aut
266 2510 360 2583 forte
377 2526 511 2582 temere
529 2511 683 2608 egeritis.
703 2516 757 2581 De
779 2511 1001 2609 singulorum
1021 2514 1136 2609 capite
1155 2538 1221 2582 vo·

158 2653 175 2686 «
189 2620 246 2692 bis
259 2623 318 2716 jus
336 2623 522 2692 sententiae
540 2620 701 2692 dicendae
716 2619 862 2711 faciam,
882 2638 941 2711 ut,
963 2648 1052 2719 quas
1065 2626 1222 2721 quisque

159 2761 175 2796 ι(
188 2732 338 2801 meritus
356 2746 426 2818 est,
448 2754 574 2827 poenas
590 2730 736 2828 pendat.
757 2733 827 2803 Sed
847 2749 929 2804 ante
948 2737 1067 2804 omnia
1086 2736 1133 2804 ita
1155 2759 1222 2805 vos

158 2872 174 2906 «
187 2842 247 2911 irae
261 2840 449 2938 indulgere
459 2854 622 2937 oportet,
635 2856 675 2910 ut
689 2844 867 2939 potiorem
880 2845 930 2912 ira
946 2844 1095 2914 salutem
1111 2858 1222 2940 atque

157 2952 378 3021 «utilitatem
396 2965 549 3021 vestram
565 2949 736 3022 habeatis.
755 2955 897 3023 Etenim
915 2953 982 3024 hos
997 2955 1052 3050 (ut
1076 2952 1221 3052 opinor)

158 3062 313 3133 «odistis
332 3076 528 3148 senatores3
546 3087 621 3131 non
643 3077 814 3133 senatum·
826 3066 976 3134 omnino
990 3064 1125 3135 habere
1143 3088 1222 3135 non

159 3203 175 3238 «
188 3174 307 3243 vultis.
329 3174 474 3269 Quippe
493 3185 555 3240 aut
575 3196 637 3242 rex
657 3173 778 3270 (quod
797 3172 1116 3268 abominandum),
1135 3187 1221 3262 aut,

160 3283 291 3381 «quod
313 3307 428 3355 unum
454 3279 576 3352 liberae
598 3283 748 3352 civitatis
770 3283 958 3353 consilium
981 3297 1052 3369 est,
1076 3297 1223 3355 senatus

91 3432 101 3447 ·
159 3392 381 3465 «habendus
404 3408 467 3464 est.
499 3397 626 3489 Itaque
651 3391 731 3462 duae
755 3418 813 3463 res
838 3393 943 3462 simul
970 3392 1114 3488 agendae
1137 3407 1224 3464 sunt

160 3536 177 3572 u
191 3504 312 3591 vobis,
338 3518 378 3572 ut
405 3519 441 3573 et
466 3515 626 3573 veterem
652 3517 816 3573 senatum
844 3502 996 3592 tollatis,
1021 3519 1056 3574 et
1085 3528 1223 3575 novum

161 3677 219 3724 satis
245 3685 302 3738 apte
326 3673 448 3720 oohaerere
470 3689 498 3720 ee
521 3671 670 3736 procedere,
751 3672 775 3718 5.
798 3672 908 3718 Vacuam
927 3673 1113 3737 rempubiicam,
1131 3672 1165 3720 id.
1179 3673 1222 3736 qd.

161 3757 232 3802 etium
247 3753 338 3802 Duker.
350 3752 452 3799 monuit.
467 3753 526 3798 Eam
539 3766 598 3797 vero
611 3767 671 3814 pen-
714 3749 789 3814 paulo
802 3761 858 3797 ente
872 3752 984 3798 orbatam
994 3751 1093 3815 publico
1106 3750 1220 3810 consilio,

162 3833 218 3880 dere
239 3849 270 3880 ex
293 3848 343 3895 seq.
362 3831 438 3879 verbo
459 3830 553 3894 iuquit,
569 3830 672 3894 putebat
715 3829 740 3876 h.
753 3845 774 3876 e.
788 3840 889 3891 senatu3
906 3832 962 3878 vide
980 3830 1052 3886 adl,
1072 3830 1119 3886 46,
1134 3846 1159 3876 n.
1175 3846 1222 3891 12,

162 3912 297 3960 Creverius.
306 3912 339 3962 Τὸ
351 3922 462 3958 caeterum
472 3910 546 3956 Doer.
554 3909 670 3974 exponit,
716 3920 740 3956 et
750 3911 773 3967 Ι,
786 3909 831 3967 54,
848 3926 873 3957 n.
887 3925 908 3957 1.
927 3937 960 3947 -
975 3907 1221 3974 Cogitatifacinoris,

162 3999 252 4056 praeter
269 3990 431 4038 defectionem
447 3988 478 4035 ab
497 3989 620 4037 Romanis.
636 4012 672 4025 -·
715 3987 781 4051 cepti
792 3988 823 4034 de
835 3987 1006 4058 interficiendo
1016 3999 1100 4037 eenetu
1111 3989 1221 4049 coneilii3

164 4071 291 4133 Spectare;
304 4068 355 4116 vid.
369 4068 400 4114 ad
414 4071 439 4127 1,
453 4082 481 4129 9,
495 4083 519 4114 n.
531 4068 554 4116 3.
715 4065 831 4130 Doer'mg.
