2782 4568
193 312 263 407 ίΙ98
626 316 664 382 T.
697 316 836 384 L1v11
1105 294 1235 396 32:332:

190 449 313 507 cturna
334 431 516 531 colloquia
537 439 628 505 inter
643 435 789 533 plebem
809 460 852 506 oc
872 441 1003 506 Poenos
1011 436 1122 529 fieri;
1140 452 1262 506 statu-

191 561 338 641 tumque
361 569 451 631 esse,
476 561 533 631 ut,
558 571 670 642 quum
694 571 848 617 romana
870 551 965 615 acies
984 569 1125 640 egressa
1141 552 1263 641 portis

191 663 277 741 iret,
296 657 549 753 impedimenta
562 682 685 728 eornm
702 683 747 728 ac
757 664 919 730 sarcinas
932 656 1142 752 diriperent,
1156 655 1261 726 clau·

190 767 316 837 derent
329 765 459 837 det‘nde
470 761 615 865 portas,
635 793 829 864 murosque
848 782 1085 864 occuparent,
1107 781 1164 851 ut,
1183 790 1258 862 po·

191 892 304 948 tentes
322 902 440 948 reram
459 903 609 949 suarum
631 895 741 975 atque
759 879 856 949 urbis
867 875 893 962 ³,
914 883 1068 948 Poenum
1086 874 1172 945 inde
1183 900 1260 972 pro

190 991 359 1059 Romano
377 994 586 1086 acciperent.
602 984 687 1060 Haec
704 988 767 1060 ubi
786 989 951 1059 nuntiata
968 1002 1052 1058 sunt
1065 985 1259 1076 MarcelIO,

192 1097 402 1171 collaudatis
431 1099 656 1172 senatoribus
678 1101 839 1189 nolanis,
864 1102 1098 1198 priusquam
1126 1099 1260 1196 aliquis

190 1222 312 1278 motus
337 1210 435 1280 intus
455 1211 633 1299 oriretur,
651 1207 835 1281 fortunam
858 1235 987 1308 pugnae
1009 1211 1165 1307 experiri
1186 1224 1260 1281 sta·

191 1319 272 1389 tuit.
291 1317 346 1388 Ad
360 1332 432 1390 tres
448 1334 570 1417 portas
588 1322 627 1391 in
646 1318 768 1391 hostes
782 1345 901 1391 versas
920 1321 1099 1417 tripartito
1119 1319 1259 1388 exerci-

193 1439 273 1497 tum
287 1428 455 1500 instruxit
470 1458 477 1500 :
492 1430 749 1528 impedimenta
765 1430 937 1527 subsequi
952 1431 1056 1525 jussit
1073 1457 1080 1497 :
1096 1429 1259 1516 caloneS,

190 1535 365 1634 lixasque,
375 1554 410 1610 et
419 1541 595 1611 invalidos
607 1540 737 1612 milites
746 1541 878 1611 vallum
890 1539 1144 1611 ferrel.Media
1152 1552 1262 1635 porta

192 1647 327 1719 robora
346 1649 548 1745 legionum,
574 1665 610 1721 et
632 1676 803 1722 romanos
822 1653 980 1748 equites3
1003 1649 1143 1721 duabus
1164 1651 1261 1719 cirea

192 1760 308 1856 portis
324 1783 437 1830 novos
451 1759 600 1847 milites,
619 1760 809 1856 levemque
828 1776 1064 1847 armaturam,
1084 1783 1125 1829 ac
1143 1759 1260 1829 socio·

193 1892 276 1939 rum
302 1871 443 1965 equites
468 1871 601 1940 statuit.
630 1871 761 1943 Nolani
788 1896 912 1941 muros
937 1887 1132 1968 portasque
1159 1867 1261 1938 adire

192 1979 311 2067 vetiti,
331 1978 562 2078 subsidiaque
582 1980 757 2052 destinata
779 1982 1047 2081 impedimentis
1068 1980 1169 2067 data,
1190 2005 1259 2067 ne,

195 2091 378 2188 occupatis
394 2090 517 2188 praelio
536 2091 756 2189 legionibus,
773 2095 811 2162 in
829 2118 870 2163 ea
890 2095 1047 2190 impetus
1063 2091 1165 2163 fieret
1183 2118 1190 2160 :
1210 2092 1262 2162 ita

194 2200 361 2273 instructi
373 2202 468 2273 intra
481 2217 603 2301 portas
616 2202 767 2275 stabant.
779 2203 988 2291 Hannibali,
1000 2202 1067 2274 sub
1081 2203 1189 2299 signis
1202 2199 1261 2298 (id

195 2311 295 2405 quod
313 2337 378 2409 per
391 2312 529 2410 aliquot
547 2314 621 2384 dies
635 2313 791 2404 fecerat)
810 2314 855 2384 ad
871 2314 1028 2384 multum
1044 2312 1113 2384 diei
1129 2313 1166 2381 in
1184 2313 1261 2383 acie

193 2421 301 2492 stanti
313 2417 339 2509 ⁵,
357 2423 474 2519 primo
493 2423 666 2494 miraculo
686 2448 781 2512 esse,
797 2424 897 2520 quod
917 2449 985 2495 nee
1001 2424 1178 2494 exercitus
1198 2447 1261 2491 ro-

193 2553 322 2601 manus
345 2547 452 2627 porta
473 2532 722 2630 egrederetur,
741 2558 809 2604 nec
832 2548 990 2604 armatus
1010 2533 1201 2629 quisquam
1220 2531 1261 2600 in

194 2641 307 2710 muris
326 2655 440 2710 esset:
456 2656 556 2712 ratus
574 2643 705 2714 deinde
722 2643 863 2741 prodita
884 2643 1063 2739 colloquia
1080 2666 1172 2727 esse,
1187 2664 1261 2709 me·

197 2765 308 2846 tuque
326 2751 461 2822 resides
475 2750 607 2842 factos,
626 2768 765 2852 partem
784 2756 940 2825 militum
955 2756 993 2823 iu
1012 2767 1126 2823 castra
1140 2753 1260 2822 remit·

194 2974 237 3037 qui
254 2975 380 3022 cotidiana
397 2975 522 3039 reposuit,
534 2987 559 3023 et
576 2974 658 3023 omisit
675 2975 702 3026 τὸ
747 2976 877 3024 Destinata
885 2976 910 3022 h.
921 2976 937 3023 l.
948 2991 999 3022 esse
1010 2984 1104 3022 assueta
1114 2971 1152 3035 (ut
1163 2981 1262 3018 assueta

190 3053 258 3117 jam,
267 3054 335 3118 quod
347 3066 427 3102 umen
440 3055 467 3101 in
480 3054 594 3102 omnibus
605 3056 667 3102 MSS
680 3065 704 3101 et
745 3054 862 3118 presidia
876 3055 1004 3112 XXXVI,
1020 3052 1078 3116 18),
1091 3051 1192 3116 putabat
1207 3051 1261 3099 Jae.

196 3132 253 3180 edd.
264 3145 351 3180 exstat.
749 3136 837 3191 Gron,
850 3145 874 3181 et
888 3144 965 3188 uerte,
978 3148 1020 3177 seu
1034 3132 1120 3178 selecta
1135 3129 1177 3192 (ut
1191 3129 1262 3176 certis

232 3213 255 3259 3.
267 3215 378 3259 Potentes
391 3227 470 3259 rerum
481 3228 582 3259 suarum
591 3223 616 3258 et
626 3211 706 3268 nrltis,·
750 3212 924 3274 destinatisque
941 3209 1063 3256 sententiis
1082 3208 1178 3254 addicti
1196 3207 1265 3272 apud

196 3291 254 3339 vide
265 3291 296 3338 ad
306 3292 357 3348 IX,
369 3299 413 3348 14,
423 3307 448 3339 n.
460 3301 486 3347 4.
751 3292 802 3340 Cic.
809 3293 881 3338 Tuse.
890 3292 937 3352 Qu.
945 3291 978 3347 11,
986 3286 1012 3352 n)
1020 3290 1094 3335 Doer.
1102 3287 1264 3351 Subsidiaque

232 3378 255 3424 t.
268 3370 363 3418 Vallum
367 3369 437 3432 serre
442 3388 452 3427 ,·
463 3370 515 3417 vid.
523 3369 554 3416 sd
566 3370 617 3425 111,
627 3383 671 3426 27,
681 3385 705 3415 n.
751 3383 776 3418 et
789 3370 905 3418 stationes
920 3369 936 3416 i.
951 3367 975 3415 d.
993 3368 1057 3427 conj.
1073 3371 1183 3415 Gronov.
1201 3378 1225 3414 et
1242 3383 1262 3414 s.

198 3457 222 3504 I.
237 3475 272 3484 —-
285 3446 443 3510 Snbsidiaque
455 3447 568 3512 (viden,
586 3462 633 3505 20,
646 3463 670 3492 n.
681 3445 707 3510 α)
751 3449 868 3496 custodire
880 3447 896 3493 i.
906 3447 930 3492 d.
947 3449 985 3509 (ut
996 3462 1056 3492 mox
1071 3445 1123 3492 alia
1137 3447 1208 3492 turba
1221 3461 1263 3490 cu·

195 3526 330 3582 destinato,
342 3526 394 3573 scil.
404 3527 476 3582 aciei,
486 3525 576 3572 milites
585 3525 617 3572 ad
629 3524 707 3571 subsi·
750 3529 838 3577 stadia·
847 3526 1069 3591 impedimentorum
1079 3525 1202 3591 apposita)
1215 3527 1263 3571 Str.

196 3607 236 3655 dis
247 3607 274 3654 in
285 3605 336 3653 acie
347 3605 406 3652 alias
419 3603 546 3662 destinati,
556 3619 622 3650 nunc
633 3602 706 3665 impe·
752 3608 799 3656 sed
812 3607 874 3654 forte
888 3605 935 3668 leg.
947 3604 1082 3662 destinato,
1093 3605 1117 3652 h.
1129 3622 1150 3651 e.
1166 3604 1264 3651 eonsul-

196 3685 306 3733 dimentt's
326 3684 387 3731 data
408 3682 545 3747 praesidiffl
567 3698 624 3729 num
643 3682 708 3728 ⁸01&
751 3683 1263 3748 to‚exindustriir,se.neoccrepatis,etc.,

194 3765 279 3811 Livius
289 3761 430 3823 huiusmodi
444 3777 545 3819 vocem,
555 3777 608 3825 qut
621 3761 653 3809 ad
667 3760 707 3807 ad·
751 3777 793 3814 aut
802 3766 881 3829 glossa
892 3776 927 3811 est
936 3765 975 3812 vel
987 3765 1122 3820 destinata,
1133 3765 1173 3811 vel
1181 3763 1251 3810 data.

191 3844 304 3904 junctum
313 3857 356 3888 seu
364 3840 522 3904 praedicatum
530 3840 651 3904 pertinet,
660 3854 707 3902 pro
788 3846 811 3891 5,
827 3842 963 3890 Hannibali
966 3879 973 3900 ,
984 3845 1027 3890 sub
1039 3841 1194 3908 signis...ad
1204 3843 1264 3889 mul-

196 3920 307 3978 subjecto
324 3919 456 3976 adhibere,
472 3929 500 3965 ut
518 3935 572 3982 cap.
593 3927 624 3974 [ια
644 3929 706 3966 extr·
752 3935 803 3971 tum
821 3922 871 3969 diei
884 3923 908 3969 in
927 3923 980 3968 acie
994 3922 1070 3969 stanti
1076 3940 1086 3979 ;
1103 3921 1159 3967 vide
1177 3921 1209 3967 ad
1225 3923 1262 3979 ΙΙ,

191 3997 335 4062 presidium
354 3999 451 4045 missum
469 4013 514 4061 pro
529 3998 612 4062 copias
625 3998 650 4045 in
665 4013 709 4044 seu
753 4010 801 4050 20,
815 4010 840 4040 n.
851 3995 880 4051 3,
895 4004 919 4040 et
930 3995 1019 4052 XXII,
1037 3993 1081 4050 52,
1096 4010 1121 4043 n.
1135 4009 1157 4040 1.
1170 4019 1205 4029 -—
1217 3993 1262 4041 tte-

194 4077 225 4124 ad
230 4076 374 4147 presidium
383 4077 455 4128 modo
467 4076 568 4148 mesas,
575 4077 707 4128 strothius.
752 4073 831 4146 sides,
840 4086 933 4142 segnes.
968 4096 974 4105 ·
