2782 4568
1108 262 1133 301 A.
1145 262 1169 301 C.
1183 275 1229 316 ¹¹7·

205 264 269 358 152?
299 358 302 363 ,
620 287 658 351 r.
691 287 824 352 mvu
1109 322 1229 364 tcta.

201 429 407 506 quanquam
421 403 512 474 nihil
523 405 654 475 certius
666 429 710 475 ex
720 428 763 475 eo
773 402 936 474 auditum
946 416 1017 491 est,
1029 414 1150 474 tamen
1165 403 1255 476 alius

200 516 245 586 ab
259 515 328 585 alio
342 513 480 611 impleti
494 509 725 584 rumoribus6
737 513 864 584 domos
877 510 1056 602 referunt,
1071 514 1255 584 consulem

201 651 281 696 cum
293 647 429 718 magna
430 637 539 720 parte
554 629 739 721 copz'arum
752 647 881 694 caesum
892 648 1090 720 :superesse
1095 648 1253 721 paucos,

199 737 365 830 outsugo
373 738 515 830 possim
530 759 600 829 per
609 739 797 804 Etruriam
810 757 969 831 sparsos,
990 749 1056 803 aut
1072 748 1192 830 captos
1204 735 1255 803 ab
1312 742 1314 747 ’

199 846 310 917 hoste.
325 849 426 935 Quot
435 855 557 914 casus⁷
571 845 747 915 exercitus
757 845 842 914 victi
855 844 1014 932 fuerant,
1028 858 1083 915 tot
1098 845 1136 914 iu
1151 869 1255 914 curas

198 955 373 1053 dispertiti
387 977 513 1024 eorum
532 955 641 1024 animi
659 969 782 1041 erant,
799 978 954 1051 quorum
974 955 1171 1052 propinqui
1186 953 1271 1025 suli'

119 1072 125 1083 '
198 1073 236 1139 C.
260 1065 433 1136 Flaminio
461 1063 608 1135 consule
638 1080 864 1152 meruerant,
887 1065 1151 1160 ignorantium,
1175 1089 1254 1160 quae

198 1177 375 1272 cujusque
395 1198 542 1244 suorum
566 1172 711 1245 fortuna
732 1188 824 1245 esset
844 1201 851 1243 :
871 1199 938 1244 nec
959 1174 1150 1270 quisquam
1173 1173 1255 1242 satis

197 1300 334 1358 certum
353 1282 480 1376 habet,
500 1283 588 1380 quid
612 1299 673 1354 aut
693 1299 830 1381 speret,
851 1298 914 1354 aut
932 1285 1067 1354 timeat.
1088 1278 1253 1366 Postero,

199 1421 239 1465 ac
259 1394 430 1494 deinceps
447 1397 588 1493 aliquot
608 1391 737 1464 diebus
748 1389 775 1479 ⁸,
798 1393 843 1462 ad
862 1408 983 1490 portas
1002 1394 1118 1488 major
1141 1416 1254 1489 prope

197 1506 408 1595 mulierum,
424 1531 533 1603 quam
549 1507 729 1590 virorum,
748 1501 944 1573 multitudo
963 1505 1077 1592 stetit,
1093 1518 1153 1574 aut
1170 1517 1255 1572 suo-

198 1643 280 1688 rum
298 1619 473 1715 aliquem,
488 1631 549 1687 aut
567 1614 717 1685 nuntios
736 1613 780 1684 de
799 1613 1090 1719 his-opperiens:
1111 1615 1256 1684 circum·

196 1726 516 1824 fundebanturque
550 1723 664 1795 obviis
694 1724 935 1809 sciscitantes3
971 1749 1090 1819 neque
1127 1722 1253 1808 avelli,

199 1836 324 1931 utique
338 1835 384 1906 ab
399 1837 531 1923 notis9,
546 1835 665 1931 prius,
681 1857 790 1929 quam
807 1833 936 1903 ordine
953 1833 1073 1902 omnia
1091 1833 1254 1928 inquisis-

199 1944 298 2031 s'ent,
321 1959 501 2041 poterant.
521 1943 612 2014 Inde
637 1943 753 2012 varios
771 1943 892 2013 vultus
912 1941 1185 2039 digredientium
1208 1941 1254 2012 ab

199 2055 336 2126 nuntiis
355 2079 540 2143 cernereS,
560 2068 601 2123 ut
619 2054 751 2149 cuique
770 2067 832 2123 aut
852 2053 930 2123 laeta
945 2068 1006 2123 aut
1025 2052 1138 2124 tristia
1156 2078 1255 2123 nun-

196 2149 699 2263 tiabanturzgratnlantesque
709 2177 771 2233 aut
783 2161 1010 2233 consolantes
1019 2160 1254 2232 redeuntibus

196 2273 324 2346 domos
335 2276 580 2347 circumfusos.
592 2264 820 2345 Feminarum
829 2274 1008 2370 praecipue
1021 2287 1056 2375 et
1066 2271 1194 2369 gaudia
1205 2273 1256 2342 in·

196 2385 448 2480 signiserant,
473 2401 509 2456 et
533 2385 660 2456 luctus.
688 2388 808 2459 Unam,
827 2382 866 2451 in
890 2384 967 2479 ipsa
989 2395 1109 2479 porta,
1131 2382 1255 2478 sospiti

195 2489 270 2562 filio
294 2509 446 2590 repente
473 2494 649 2580 oblatam,
676 2494 715 2562 in
737 2493 936 2589 conspectu
959 2491 1036 2585 ejus
1058 2492 1254 2588 exspirasse

194 2598 333 2688 feruut;
348 2601 511 2688 alteram,
527 2603 585 2671 cui
598 2626 696 2672 mors
705 2601 770 2672 filii
784 2599 873 2671 falso
889 2603 1053 2671 nuntiata
1066 2615 1156 2689 erat,
1167 2625 1254 2670 moe·

195 2725 286 2780 stam
305 2711 491 2782 sedentem
506 2711 621 2800 dorni,
632 2713 677 2782 ad
689 2713 846 2810 primum
854 2726 1089 2809 conspectum
1098 2710 1254 2782 redeun-

195 2821 241 2889 tis
260 2819 324 2889 filii
346 2819 476 2917 gaudio
494 2822 608 2891 nimio
625 2822 875 2891 exanimatam.
896 2825 1066 2890 Senatum
1083 2834 1254 2916 praetores

195 2930 350 3028 perdius
369 2930 506 3028 aliquot
514 2943 539 2969 ¹⁰
550 2930 595 3000 ab
614 2946 696 3002 orto
709 2930 883 3027 usquead
899 2928 1122 3000 occidentem
1141 2929 1254 3000 solem

194 3041 344 3110 incuria
357 3042 532 3128 retinent,
543 3032 804 3129 consultantes,
816 3064 975 3137 quonam
987 3040 1096 3128 duce,
1107 3054 1169 3110 aut
1182 3042 1255 3136 qui·

195 3147 265 3220 bus
284 3152 411 3248 copiis,
425 3152 541 3246 resisti
554 3151 751 3222 victoribus
766 3153 886 3221 Poenis
904 3164 1036 3248 posset.

243 3267 337 3332 VIII.
350 3263 453 3332 Prius
467 3287 576 3358 quam
595 3263 679 3333 satis
698 3276 794 3332 certa
812 3261 959 3332 consilia
972 3274 1108 3346 esseut,
1123 3284 1254 3357 repens

194 3371 262 3441 alia
282 3373 469 3442 nuntiatur
492 3371 610 3442 clades
631 3399 639 3440 :
661 3383 818 3467 quatuor
837 3371 947 3440 millia
965 3370 1149 3466 equitum,
1170 3393 1252 3439 cum

228 3563 252 3609 6.
263 3561 334 3609 Alius
345 3561 376 3607 ab
388 3560 438 3607 alio
452 3559 545 3623 impleti
553 3559 699 3615 rumoribus,
745 3559 802 3607 vide
813 3559 844 3606 ad
853 3562 890 3616 11,
907 3557 953 3617 30,
965 3575 989 3607 n.
1007 3576 1029 3606 1.
1041 3562 1105 3608 Mox
1114 3559 1254 3624 degredien-

193 3653 255 3699 etc.;
269 3639 368 3687 vidend
380 3642 405 3695 1,
420 3646 462 3697 41,
473 3655 499 3688 n.
511 3654 533 3686 1.
745 3639 805 3685 tium
815 3654 861 3703 pro
870 3637 963 3702 digred.
973 3639 1185 3701 reposuitBauer.;
1196 3636 1254 3684 vide

229 3735 252 3778 7.
271 3720 335 3779 Quot
351 3733 433 3773 casus,
456 3732 528 3780 quam
542 3718 602 3764 varii
619 3733 701 3775 casus,
744 3716 862 3772 adm,
875 3715 920 3773 36,
933 3733 958 3762 n.
972 3724 996 3771 4.

194 3796 311 3844 exercitus
324 3796 399 3854 victl,
411 3808 457 3845 etc.
782 3809 822 3842 10.
834 3795 948 3841 Senatum
957 3806 1075 3858 praetores
1083 3810 1131 3858 per
1142 3793 1193 3839 dies
1206 3794 1253 3840 ali·

230 3876 253 3920 8.
264 3877 371 3932 Postero,
383 3893 414 3923 ac
426 3875 536 3940 deinceps
547 3876 642 3940 aliquot
651 3876 699 3923 die·
744 3885 817 3937 quot,
838 3884 884 3920 etc,
903 3873 966 3920 Nam
978 3884 1086 3921 senatum
1100 3872 1179 3919 solum
1190 3872 1253 3920 nihi!

194 3953 237 4002 bus
244 3970 254 4008 ,r
266 3951 323 3998 vide
333 3952 364 3999 ad
377 3956 401 4013 1,
415 3970 458 4012 21,
472 3971 497 4001 n.
508 3956 532 4003 8.
743 3953 905 4009 commisisse,
923 3953 991 4015 quod
1001 3969 1014 3998 a
1026 3951 1143 4017 dignitate
1157 3968 1201 3999 sua
1210 3951 1254 3998 alt-

130 4080 133 4088 ,
230 4044 254 4092 9.
274 4030 358 4091 Neque
373 4032 455 4089 avelli,
480 4033 605 4096 utiqueab
621 4034 699 4090 notin·
742 4031 864 4090 horreret,
879 4031 939 4079 dicit
953 4031 1041 4097 Polyb.
1064 4064 1067 4069 -
