2782 4568
185 274 301 376 tias:
326 295 419 361 me.
442 293 588 360 xxrrr.
613 289 718 358 etr.
740 292 902 360 xxvn.
928 245 1109 364 rxvrn.
1144 294 1209 366 321

159 417 313 490 subinde
325 413 370 485 ab
380 412 592 508 Carthagine
606 412 831 503 allatumest,
841 427 881 483 ut
889 415 1088 487 Hasdrubal
1098 419 1215 513 primo

158 552 308 625 quoque
329 540 492 622 tempore
516 525 553 592 in
575 522 712 594 Italiam
732 525 928 594 exercitum
948 525 1107 598 duceret.
1128 531 1215 619 Quae

158 639 300 733 vulgata
319 661 375 707 res
394 660 459 731 per
478 634 682 730 Hispaniam
702 636 866 703 omnium
885 634 996 706 ferme
1017 638 1155 709 animos
1173 639 1218 710 ad

159 751 339 817 Romanos
363 745 501 817 avertit.
528 750 653 840 Itaque
675 743 876 814 Hasdrubal
900 748 1080 844 extemplo
1099 747 1217 821 literas

159 855 411 952 Carthaginem
425 854 555 937 mittit,
573 853 753 939 indicam,
769 869 907 948 quanto
921 856 1014 927 fama
1029 856 1218 953 profectio

159 969 215 1037 nis
239 992 311 1037 suar
327 966 460 1037 damno
486 963 620 1034 fuisset.
640 969 682 1034 Si
694 989 780 1034 uero
797 965 882 1034 iride
898 984 1064 1063 pergeret
1075 964 1100 1054 ⁵,
1115 956 1218 1064 prius

158 1101 270 1172 quom
280 1077 425 1146 Iberum
438 1081 616 1160 transiret,
631 1079 876 1145 Romanorum
892 1082 1216 1172 Hispom'amfore:

158 1211 262 1272 nam,
281 1203 529 1283 praeterquam
548 1185 650 1280 quod
666 1210 732 1256 nec
742 1185 976 1282 praesidium,
1000 1210 1066 1256 nec
1088 1186 1218 1258 ducem

160 1296 322 1382 liaberet,
340 1321 448 1392 quem
462 1295 676 1390 relinqueret
682 1320 753 1391 pro
762 1320 817 1380 se,
831 1320 891 1365 eos
904 1302 1132 1392 imperatores
1144 1323 1217 1368 esse

159 1431 347 1490 romanos,
363 1407 492 1504 quibus
509 1411 578 1476 vix
595 1411 707 1502 eequis
724 1406 864 1476 viribus
881 1410 991 1475 resisti
998 1413 1124 1501 possit.
1141 1413 1215 1477 lta·
1232 1490 1233 1495 ἵ

159 1542 230 1614 que
245 1523 282 1588 si
289 1516 367 1586 ullo
379 1522 569 1612 Hisponioe
585 1540 672 1586 curo
689 1532 795 1599 esset,
808 1539 1044 1586 successorem
1056 1515 1124 1585 sibi
1135 1541 1218 1587 cum

159 1626 285 1698 valido
299 1633 457 1698 exercitu
471 1632 648 1697 mitterent
660 1632 757 1712 .·'cui,
774 1642 813 1695 ut
824 1632 945 1695 omnio
954 1635 1129 1722 prospere
1142 1651 1217 1697 ere-

159 1742 295 1822 rrirent,
315 1762 387 1808 non
406 1752 526 1808 tamen
546 1743 696 1806 otiosam
703 1741 927 1832 provinciam
930 1731 1054 1828 sbre⁶.

111 1866 113 1873 ·
207 1851 368 1918 XXVIII.
383 1853 444 1917 Hae
455 1849 566 1918 literae
578 1871 787 1945 quanquam
799 1848 918 1943 primo
933 1847 1129 1918 admodum
1146 1873 1219 1919 mo·

159 1972 290 2028 verunt
302 1971 486 2046 senatum,
502 1974 640 2042 tamen,
654 1958 739 2053 quia
750 1957 859 2028 Italiae
873 1981 959 2026 cura
973 1958 1072 2054 prior
1084 1959 1220 2054 potior·

159 2096 231 2166 que
248 2085 344 2158 erat,
361 2071 450 2141 nihil
472 2071 517 2142 de
533 2069 773 2158 Hasdrubale,
797 2095 918 2164 neque
940 2070 984 2138 de
1008 2071 1120 2166 copiis
1142 2071 1219 2164 ejus

159 2193 337 2250 mutatum
359 2197 423 2252 est.
449 2181 601 2252 Himilco
624 2205 708 2251 cum
731 2180 890 2250 exercitu
913 2180 1035 2272 just0¹
1060 2194 1095 2249 et
1116 2195 1220 2250 aucta

159 2289 286 2377 classe,
298 2289 342 2359 ad
350 2290 577 2361 retinendam
588 2306 682 2360 terra
694 2291 857 2384 marique
870 2313 910 2358 ac
924 2289 1094 2359 tuendam
1102 2292 1222 2386 Hispa·

158 2401 274 2488 niam,
290 2414 342 2470 est
355 2401 505 2485 missus;
521 2403 599 2494 qui,
614 2415 656 2466 ut
668 2398 852 2494 pedestres
865 2399 1081 2494 navalesque
1096 2403 1218 2496 copias

161 2511 318 2602 trajecit,
335 2510 456 2579 castris
479 2509 730 2596 communitis,
751 2507 997 2605 navibusque²
1015 2507 1219 2599 subductis,

159 2617 297 2688 etvallo
308 2617 550 2704 circumdatis
560 2642 642 2687 cum
656 2616 839 2712 equitibus
851 2617 997 2688 delectis
1008 2620 1100 2715 ipse,
1111 2610 1222 2716 quan·

161 2742 240 2798 tum
255 2729 407 2799 maxime
424 2728 619 2798 accelerare
638 2741 797 2824 poterat,
817 2752 883 2823 per
902 2726 1033 2797 dubios
1052 2727 1220 2800 infestos-

161 2862 233 2935 que
244 2836 402 2936 populos
410 2832 530 2931 juxta³
543 2838 704 2906 intentus
718 2834 763 2905 ad
774 2834 1034 2906 Hasdrubalem
1045 2840 1221 2933 pervenit.
1315 2928 1318 2932 .

157 3030 253 3084 pacata
262 3034 294 3066 m.
304 3016 395 3064 seilicet
405 3032 474 3079 gens,
483 3017 548 3075 conj.
557 3016 666 3062 Gronov.
711 3013 825 3073 coniicit,
838 3013 860 3059 si
869 3028 962 3060 movere
975 3014 1031 3060 inde
1037 3027 1157 3078 pergeret.
1174 3018 1222 3064 En.

160 3099 204 3147 sed
216 3099 402 3161 recte,opin0r,
415 3095 524 3158 reposuit
536 3093 628 3141 Stroth.
642 3092 667 3139 in
711 3118 746 3128 —-
770 3088 930 3156 Imperatores
956 3106 1070 3138 romanos
1094 3109 1143 3139 esse
1166 3109 1221 3151 eos;

157 3191 243 3242 paeto;
251 3190 327 3226 utnee
334 3176 375 3223 diu
383 3175 407 3221 in
415 3173 552 3220 conditione
559 3181 667 3234 aepacto
711 3172 768 3219 vide
779 3172 810 3218 ad
819 3174 860 3230 II,
874 3185 919 3231 29,
931 3187 957 3216 n.
966 3173 990 3217 6.

163 3258 252 3305 mansit
259 3256 324 3321 apud
336 3255 387 3303 Cic.
393 3255 462 3300 Verr.
477 3255 501 3308 1,
516 3253 545 3310 6,
557 3263 581 3298 et
595 3266 667 3314 supra
746 3252 771 3298 6.
784 3241 829 3296 Cui
837 3260 864 3296 ut
872 3247 939 3314 (vide
950 3248 982 3295 ad
991 3250 1026 3305 11,
1038 3249 1079 3307 38,
1091 3265 1116 3296 n.
1125 3246 1157 3311 3)
1168 3265 1219 3296 cm·

161 3337 206 3394 tv,
217 3353 240 3396 7,
250 3337 274 3383 in
276 3336 374 3400 foedere
382 3331 667 3381 eramictrtamansnros.
711 3329 755 3376 nia
768 3343 885 3392 prospere
908 3327 1042 3383 evenirent,
1067 3343 1116 3373 non
1140 3340 1221 3374 tamen

162 3415 230 3461 Paeti
252 3415 348 3477 quiilem
369 3413 461 3460 mentlo
482 3425 595 3473 expressa
616 3408 668 3456 non
711 3407 814 3456 otiosam
833 3405 985 3470 provinciam
1002 3405 1073 3471 sore,
1098 3418 1221 3469 pacatam,
1265 3410 1267 3415 ⁴

162 3491 225 3539 faeta
242 3504 290 3550 θεῖς
305 3492 347 3539 sed
364 3492 437 3538 verba
452 3507 525 3554 praec.
543 3505 573 3536 eo
584 3488 667 3535 referri
711 3486 990 3535 reladministratmnem
1002 3487 1053 3545 eius
1066 3501 1178 3533 curarum
1190 3487 1222 3533 la-

163 3581 274 3634 possunt.
291 3597 326 3606 -
347 3572 455 3621 Allonem
471 3581 519 3627 est,
542 3579 584 3625 ut,
602 3579 667 3626 etc.;
711 3567 845 3628 horumque
861 3576 992 3630 expertem.

162 3650 219 3697 vide
230 3650 262 3696 ad
269 3651 301 3707 V,
313 3651 356 3707 34,
368 3664 393 3695 n.
403 3649 427 3694 6.
746 3647 805 3694 Cir.
815 3647 934 3692 xxvur.
948 3660 969 3691 1.
989 3643 1048 3690 Crem
1062 3643 1169 3690 exercitu
1178 3644 1220 3710 ju-

199 3729 223 3777 5.
235 3728 260 3774 Si
267 3744 327 3774 vero
341 3727 525 3790 indepergeret,
540 3743 571 3773 ex
582 3724 670 3788 IIispa-
713 3737 768 3781 sto;
780 3725 836 3772 vide
846 3724 877 3771 ad
890 3726 939 3781 VI,
953 3724 997 3781 13,
1011 3739 1036 3769 n.
1050 3723 1072 3768 3.
1091 3713 1093 3717 ¹

162 3809 203 3857 nia
219 3808 245 3854 in
254 3807 347 3855 Italiam
360 3803 567 3868 proficisceretur,
585 3807 670 3851 Roma-
749 3820 775 3852 α.
790 3802 944 3866 Navibusque
960 3801 1098 3856 subducem
1118 3800 1175 3848 vide
1192 3800 1222 3848 ad

163 3903 249 3934 norum
260 3884 404 3950 Hispaniam
409 3882 469 3949 fhre
480 3884 547 3947 (vide
555 3885 587 3932 ed
594 3885 658 3932 xx1
663 3919 669 3941 ,
713 3885 786 3942 VIII,
798 3885 844 3942 26,
853 3899 877 3928 n.
893 3897 914 3929 1.

167 3969 212 4023 30,
226 3982 251 4012 n.
263 3966 291 4027 5)
298 3965 380 4028 prius,
392 3975 438 4013 etc.
448 3963 606 4026 -Suspecta
615 3964 671 4010 Cre·
750 3965 774 4010 3.
789 3966 836 4009 Per
855 3959 939 4008 dubios
959 3958 1104 4027 infestmque
1115 3960 1222 4023 populos

164 4045 281 4092 verlo‘est
291 4043 342 4090 lraec
357 4034 474 4106 loquendi
485 4043 578 4101 forma}
597 4059 670 4105 quare
708 4042 798 4106 juxto,
816 4053 866 4090 tam
884 4027 929 4104 per
946 4038 1034 4086 dubles
1050 4039 1074 4086 e't
1086 4032 1223 4106 suspector,

285 4133 350 4197 IV.
1005 4150 1044 4192 21
