2782 4568
193 276 217 311 A.
234 275 255 312 C.
271 276 314 312 218.

194 333 220 371 U.
233 336 256 373 C.
270 336 316 380 534.

417 297 575 363 urana
600 301 704 366 ιιιιι.
733 302 840 368 car.
867 290 992 370 xvi·
1180 305 1224 378 33

209 423 308 488 XVI.
327 417 400 489 Sub
418 420 513 490 idem
527 419 602 491 fere
619 436 763 518 ternpus
778 436 814 492 et
832 423 952 518 legati,
968 426 1032 519 qui
1045 425 1225 499 redierant

165 556 185 600 a
200 530 430 627 Carthagine,
447 537 596 601 Romam
611 531 828 622 retulerunt,
842 535 964 607 omnia
976 535 1118 605 hostilia
1133 562 1225 626 esse3

150 647 201 710 'et
222 642 369 737 Sagunti
386 640 565 710 excidium
583 628 790 712 nuntiatum
807 657 882 713 est:
906 658 1100 740 tantusque
1120 647 1226 717 simul

166 767 301 819 moeror
322 756 460 837 Patres,
481 751 795 848 misericordiaque
816 755 997 823 sociorum
1017 770 1227 852 perempto-

167 883 247 928 rum
263 860 429 957 indigne,
450 874 485 930 et
501 860 620 957 pudor
634 887 710 931 non
727 861 790 931 lati
804 862 961 949 auxilii1,
979 878 1014 932 et
1028 864 1079 934 ira
1095 866 1133 932 in
1147 871 1228 937 car-

166 970 422 1068 thaginienses,
435 985 626 1068 metusque
640 970 685 1041 de
701 997 840 1042 summa
853 985 996 1043 rerum²
1008 976 1121 1072 cepit,
1129 979 1227 1049 velut

167 1081 195 1150 si
210 1080 283 1173 jam
309 1080 353 1151 ad
376 1097 497 1178 portas
522 1082 635 1152 hostis
657 1097 767 1168 esset,
793 1096 855 1170 ut,
881 1097 935 1152 tot
962 1110 1037 1154 uno
1061 1100 1226 1185 tempore

166 1191 325 1261 motibus
334 1193 444 1261 animi
454 1191 607 1278 turbati,
623 1190 844 1288 trepidarent
855 1194 966 1290 magis
977 1190 1004 1280 ³,
1017 1220 1127 1291 quam
1137 1221 1226 1266 con·

166 1301 351 1372 sulerent:
379 1327 465 1371 nam
495 1325 617 1396 neque
649 1300 789 1371 hostem
820 1303 995 1372 acriorem
1024 1303 1228 1377 bellicosio-
1256 1342 1262 1353 ·

164 1434 317 1506 remque
334 1435 457 1480 secum
475 1434 702 1506 congressum
713 1412 747 1498 ⁴3
766 1436 835 1482 nec
851 1436 928 1482 rem
947 1437 1134 1483 romanam
1152 1429 1226 1485 tam

164 1519 326 1591 desidem
341 1545 504 1615 unquam
520 1519 626 1592 fuisse
643 1535 751 1616 atque
767 1519 961 1592 imbellem.
981 1522 1125 1606 Sardos,
1140 1528 1226 1595 Cor·

163 1654 317 1725 sosque,
344 1644 380 1699 et
404 1634 532 1716 Istros,
561 1645 669 1732 atque
700 1626 868 1726 Illyrios⁵
889 1631 1069 1702 lacessisse
1096 1638 1225 1731 magis,

164 1763 274 1835 quam
289 1740 507 1825 exercuisse,
521 1765 670 1810 romana
683 1765 800 1810 arma:
818 1754 854 1810 et
870 1766 953 1811 cum
968 1742 1078 1813 Gallis
1094 1748 1226 1816 tumul-

164 1863 304 1919 tuatum
325 1850 462 1937 verius,
482 1875 592 1946 quam
613 1849 875 1949 belligeratum.
896 1857 1065 1942 Poenum,
1083 1855 1225 1927 hostem

164 1974 395 2049 veteranum,
416 1963 526 2032 trium
546 1976 582 2032 et
600 1963 727 2058 viginti
748 1987 927 2033 annorum
943 1961 1093 2034 militia6
1109 1965 1226 2036 duris-

165 2071 251 2140 sima
266 2072 361 2141 inter
378 2071 546 2168 hispanas
564 2084 689 2168 gentes
703 2096 845 2169 semper
858 2073 1049 2159 victorem,
1068 2074 1225 2168 primum

164 2180 380 2263 Hamilcare,
396 2179 528 2251 deinde
541 2179 783 2270 Hasdrubale,
798 2205 898 2250 nunc
914 2179 1114 2250 Hannibale
1134 2180 1226 2251 duce

198 2385 258 2433 Cur.
269 2387 339 2434 XVI.
355 2402 377 2433 r.
391 2385 475 2432 Pudor
485 2401 533 2434 non
544 2385 590 2432 tati
597 2386 670 2432 auxi-

164 2463 273 2520 lii,·vide
285 2465 316 2511 ad
328 2467 354 2521 1,
369 2465 431 2521 5,ιι.
448 2464 471 2510 5.

198 2559 222 2590 a.
237 2545 314 2590 Metus
324 2543 355 2589 de
364 2559 458 2590 summa
468 2558 548 2589 rerum
552 2561 562 2600 ,·
572 2542 628 2589 vide
639 2542 670 2590 ad

163 2623 214 2680 111,
225 2624 250 2680 5,
264 2639 289 2668 ιι.
304 2622 328 2668 6.
609 2643 611 2646 >

200 2702 225 2747 3.
238 2699 488 2763 Trepidarentmagis,
499 2699 586 2745 incerti
594 2698 669 2745 haere-

163 2790 220 2826 rent
230 2775 292 2841 (vid.
298 2777 329 2824 ad
338 2781 363 2834 Ι,
376 2785 406 2832 ι4
416 2812 423 2831 ,
435 2794 460 2825 n.
473 2775 518 2841 6),
533 2793 606 2839 quam
616 2793 671 2822 con-

162 2859 283 2911 sulerent,
301 2855 330 2902 de
342 2872 368 2903 re
384 2857 477 2920 agenda
496 2855 671 2913 deliberarent,

161 2948 205 2984 aut
226 2935 353 2982 consilium
371 2936 397 2982 in
412 2952 463 2982 rem
479 2934 538 2982 utile
556 2943 670 2996 caperent

162 3017 201 3079 (ut
210 3017 313 3072 XXIII,
325 3030 372 3074 20,
381 3026 405 3062 et
414 3016 498 3071 XXV,
511 3010 566 3077 38);
577 3011 668 3060 Stroth.

162 3095 282 3144 Consulto
291 3104 401 3157 agerent,
413 3109 464 3140 rem
474 3092 536 3138 bens
546 3101 668 3153 gererent3

162 3175 241 3222 Gron.
254 3173 325 3221 Conl.
337 3175 440 3231 XXIH,
450 3188 496 3234 29,
508 3182 532 3218 et
545 3169 575 3217 ad
585 3170 668 3225 XXV,

163 3253 210 3311 38,
219 3267 244 3298 n.
255 3268 279 3298 a.

198 3338 222 3384 4.
237 3331 303 3376 Nam
318 3345 396 3393 neque
411 3329 539 3376 hostem...
559 3341 668 3390 congres-

161 3425 227 3464 sum,
238 3420 299 3467 ete.;
313 3409 371 3456 vide
379 3408 411 3455 ad
424 3411 463 3466 11,
478 3409 523 3464 32,
533 3423 558 3452 n.
575 3405 599 3451 6.

199 3487 222 3534 5.
237 3487 339 3545 Sardos,
354 3487 451 3543 Corsos,
465 3488 549 3541 Istros,
564 3483 667 3545 Illyrios,

163 3567 263 3622 Gallos,
278 3567 423 3630 quibuscum
442 3564 507 3611 bella
524 3575 589 3626 gesta
605 3564 670 3611 inter

714 2402 795 2443 more,
807 2387 911 2450 strepitu
922 2402 950 2434 ac
960 2385 1094 2451 terriculis)
1106 2403 1177 2449 quam
1185 2387 1225 2446 ju-

714 2466 758 2512 stis
770 2466 941 2528 atrocibusque
951 2464 962 2530 (
971 2466 1056 2512 confer
1065 2466 1097 2512 ad
1107 2469 1131 2525 Ι,
1146 2467 1188 2526 37,
1199 2483 1224 2512 ιι.

716 2543 759 2606 4),
778 2556 868 2591 etcum
881 2544 952 2592 hoste
971 2545 1131 2593 tumultuante
1141 2544 1224 2608 potius

715 2638 789 2684 quam
800 2622 970 2687 belligerante,
984 2623 1010 2669 in
1021 2634 1141 2670 certamen
1152 2638 1224 2669 omne

714 2701 770 2763 plus
783 2702 882 2748 terroris
893 2716 965 2762 quam
980 2701 1067 2748 virium
1081 2703 1188 2758 ferente,
1199 2713 1224 2748 et

715 2794 780 2826 caeco
793 2778 869 2841 magis
882 2779 977 2837 furore,
989 2795 1017 2827 ac
1030 2780 1106 2828 feroci
1117 2781 1223 2844 impetu,

715 2873 787 2920 quarn
799 2858 872 2905 certis
881 2857 1001 2917 consiliis,
1013 2856 1132 2922 firmoque
1141 2860 1222 2906 ammo

714 2947 799 2999 egente
811 2935 878 2999 (vide
891 2936 921 2982 ad
932 2938 964 2993 V,
979 2944 1028 2994 44,
1040 2954 1064 2983 ιι.
1080 2936 1120 3001 4),
1129 2954 1222 3000 pugna-

714 3025 773 3062 tum.
787 3014 824 3062 Cf.
836 3014 867 3060 ad
880 3016 995 3072 XXVII,
1006 3016 1106 3073 a,n.6;
1119 3016 1222 3073 XXIX,

714 3093 764 3151 36,
781 3103 834 3140 not.
849 3109 881 3150 ι,
898 3095 1017 3152 XXXII,
1036 3093 1082 3148 3ο,
1096 3102 1147 3139 not.
1159 3100 1188 3150 4,
1198 3103 1222 3138 et

713 3172 867 3228 XXXVIII,
883 3186 922 3229 17,
934 3187 959 3217 ιι.
971 3172 999 3228 3;
1009 3170 1053 3216 ubi
1065 3169 1169 3233 gallicus
1184 3181 1221 3216 tu-

713 3251 814 3304 multus,
828 3259 855 3294 ut
864 3265 895 3294 ex
906 3248 985 3293 verbis
994 3263 1061 3309 seqq.
1072 3258 1150 3310 patet,
1161 3248 1222 3296 dici-

713 3339 752 3374 tur
758 3327 863 3390 impetus
871 3340 966 3382 eorum,
974 3325 1015 3386 qui
1026 3324 1097 3372 initio
1108 3336 1144 3372 est
1152 3327 1222 3374 ferox

714 3417 738 3453 et
756 3403 881 3460 terribilis,
902 3402 945 3449 sed
961 3403 1072 3466 longiore
1091 3406 1221 3452 certamine

714 3484 802 3532 sensim
814 3483 906 3530 residit.

749 3565 772 3611 6.
791 3563 871 3611 Trium
886 3572 910 3607 et
923 3558 1013 3624 viginti
1025 3574 1144 3606 annorum
1158 3561 1220 3609 miti-

160 3643 250 3692 bellum
259 3645 375 3709 punicum
385 3645 490 3708 primum
498 3654 522 3689 et
528 3642 668 3690 secundum.
713 3643 763 3700 tia,
783 3655 829 3691 etc.
840 3660 847 3700 ;
864 3652 924 3705 quot
942 3639 999 3686 anni
1016 3638 1137 3686 intersunt
1156 3640 1220 3689 iuter

161 3725 262 3771 -Cum
273 3724 351 3771 Gallis
361 3723 491 3786 Citalpinis
500 3722 669 3769 tumultuatum
713 3722 817 3786 primum
824 3732 848 3768 et
855 3718 986 3766 secundum
992 3717 1084 3763 bellum
1091 3719 1219 3780 punicum;

161 3802 254 3859 veritis,
276 3820 351 3866 quam
375 3802 554 3867 belligeratum,
580 3801 669 3866 praeliis
713 3796 1047 3848 Gron.-Hannibaleduce
1055 3799 1172 3845 acerrimo
1182 3817 1220 3846 as-

123 3874 126 3880 ’
161 3881 237 3943 magis
254 3880 433 3936 tumultuariis,
452 3879 477 3927 h.
493 3897 514 3928 e.
530 3880 669 3927 velitaribus
712 3892 818 3934 suetum,
833 3889 860 3925 ut
873 3877 962 3940 passim
977 3886 1084 3922 assuetus
1099 3889 1124 3924 et
1139 3895 1219 3925 assue-

159 3957 303 4024 levibusque
310 3960 446 4025 (inquibus
456 3959 536 4006 omnia
543 3957 605 4006 fiunt
614 3975 668 4005 cum
706 3959 791 4022 factus
801 3958 921 4013 ablativo,
932 3955 974 4003 sed
987 3955 1022 4001 rei
1033 3955 1093 4013 fere,
1104 3973 1155 4003 ιιοιι
1164 3974 1217 4020 per·

159 4039 263 4086 tumultu
270 4074 278 4096 ,
293 4039 317 4084 h.
329 4055 352 4086 e.
362 4039 490 4104 repentino
502 4039 607 4104 impetu,
621 4039 668 4085 cla·
713 4053 790 4096 sonae,
804 4039 950 4099 junguntur,
964 4035 1066 4091 omisso,
1077 4046 1105 4081 ut
1117 4045 1217 4098 putant,

281 4128 349 4192 IV.
1029 4116 1049 4187 3
