2782 4568
55 341 57 345 ,
140 255 312 375 Ιὓῑὲῑέἑὲῑ
360 269 1009 350 Lie.xx11.ca1³.xnl.x1211.
1091 264 1218 358 '223

164 399 373 498 diripiendis
391 399 489 471 velut
511 401 661 472 desertis
677 400 759 499 fuga
778 401 1010 471 dominorum
1027 404 1148 474 castris
1161 431 1222 477 oc·

165 525 336 606 cupatum
356 505 653 607 impeditumque
670 511 812 582 hostem
837 512 1068 608 opprimeret.
1095 515 1223 607 Crebri

163 620 280 691 relicti
299 621 476 691 incastris
493 623 594 719 ignes
606 618 632 707 ⁵,
650 637 690 692 ut
709 621 798 692 fides
812 619 934 706 fieret,
952 620 1037 691 dum
1054 623 1129 718 ipse
1146 623 1223 696 lon·

163 731 242 827 gius
259 732 415 827 spatium
435 730 519 829 fuga
539 733 745 829 praeciperet
760 728 788 820 ⁶,
808 731 894 802 falsa
915 732 1069 830 imagine
1089 748 1225 805 castro·

163 865 261 928 rum,
273 843 363 912 sicut
374 840 523 912 Fabium
536 844 654 940 priore
669 868 766 913 anno
775 842 966 914 frustratus
979 858 1087 932 esset,
1100 858 1225 918 tenere

163 951 202 1047 in
223 952 309 1023 locis
330 954 496 1024 consules
509 963 521 1007 ⁷
536 953 701 1024 voluisse.
1190 1032 1193 1039 ,

210 1067 315 1133 XLIl.
330 1062 399 1133 Ubi
412 1063 545 1151 illuxit,
561 1064 745 1135 subductae
757 1066 876 1162 primo
891 1066 1078 1173 stationes,
1091 1065 1225 1142 ,deinde

162 1174 312 1271 propius
326 1172 544 1244 adeuntibus
555 1176 739 1246 insolitum
755 1175 937 1245 silentium
951 1177 1225 1247 admirationem

162 1281 257 1354 fecit.
271 1289 348 1354 Jam
364 1285 446 1354 satis
463 1300 648 1381 comperta
663 1285 871 1370 solitudine,
885 1288 922 1354 in
940 1287 1061 1355 castris
1078 1310 1226 1356 concur·

163 1416 223 1463 sus
241 1393 282 1462 lit
301 1394 345 1464 ad
359 1395 523 1490 praetoria
541 1396 750 1483 consulum,
766 1391 1011 1466 nuntiantium
1026 1394 1145 1492 fugam
1160 1395 1225 1467 ho-

162 1504 270 1573 stium
291 1503 380 1573 adeo
398 1504 595 1601 trepidam,
619 1520 679 1589 ut,
694 1505 934 1576 tabernaculis
952 1506 1150 1594 stantibus,
1165 1531 1226 1577 ca·

162 1625 234 1688 stra
246 1612 478 1708 reliquerint:
493 1638 643 1709 quoque
656 1613 741 1709 fuga
755 1613 943 1684 obscurior
955 1630 1065 1702 esset,
1078 1614 1225 1686 crebros

162 1723 270 1793 etiam
288 1723 433 1792 relictos
449 1723 561 1818 ignes.
575 1723 720 1792 Clamor
735 1723 817 1794 inde
832 1739 954 1810 ortus,
973 1740 1012 1795 ut
1026 1727 1127 1821 signa
1141 1751 1225 1824 pro·

135 1900 139 1929 ÷
161 1829 247 1902 ferri
262 1830 454 1927 juberent,
473 1831 722 1928 ducerentque
738 1832 782 1902 ad
797 1835 1069 1929 persequendos
1083 1834 1224 1926 hostes,

160 1968 202 2014 ac
222 1945 387 2041 protinus
408 1958 523 2013 castra
545 1943 776 2041 diripienda:
800 1957 836 2012 et
861 1945 987 2013 consul
1013 1944 1103 2016 alter
1125 1934 1226 2017 velut

161 2080 256 2125 unus
276 2053 391 2125 turbae
409 2054 573 2124 militaris
597 2070 681 2124 erat.
706 2053 837 2148 Paulus
861 2055 968 2124 etiam
988 2069 1095 2151 atque
1116 2045 1240 2127 etiam'

162 2164 302 2251 dicere,
325 2163 591 2262 providendum
608 2162 958 2262 praecavendumque
977 2189 1063 2235 esse.
1079 2171 1223 2239 Postre-

134 2361 137 2366 ¹
161 2299 239 2362 mo,
255 2300 370 2371 quum
386 2276 487 2346 aliter
502 2299 622 2370 neque
637 2275 872 2360 seditionem,
889 2297 1010 2370 neque
1025 2273 1155 2346 ducem
1170 2300 1223 2348 se·
1239 2365 1242 2370 ι

161 2385 306 2457 ditionis
319 2388 494 2456 sustinere
508 2400 646 2483 posset,
659 2388 810 2455 Marium
824 2384 1002 2454 Statilium
1015 2383 1223 2483 praefectum

161 2522 243 2568 cum
269 2513 387 2567 turma
411 2496 563 2567 lucana¹
582 2497 809 2594 exploratum
828 2496 947 2566 mittit.
969 2497 1060 2584 Qui,
1079 2495 1143 2566 ubi
1161 2497 1223 2568 ad·

160 2610 341 2706 equitavit
360 2608 494 2705 portis,
514 2606 708 2679 subsistere
729 2622 828 2676 extra
846 2607 1072 2677 munimenta
1086 2608 1222 2678 caeteris

157 2719 284 2813 jussis,
308 2719 384 2815 ipse
414 2741 495 2787 cum
521 2715 665 2787 duobus
692 2717 873 2811 equitibus
895 2716 1028 2787 vallum
1052 2719 1220 2820 intravit3

160 2827 435 2923 speculatusque
450 2826 571 2896 omnia
584 2850 667 2896 cum
681 2851 766 2895 cura
777 2827 976 2915 renuntiat,
986 2827 1131 2899 insidias
1144 2852 1222 2925 pro·

160 2933 254 3006 fecto
274 2963 349 3008 esse
365 2965 372 3006 ε
391 2939 491 3034 ignes
514 2937 552 3005 in
576 2951 676 3032 parte
696 2951 916 3024 castrorum,
939 2962 1019 3033 quae
1038 2952 1159 3035 vergat
1182 2941 1221 3010 in
1284 2956 1286 2961 '

159 3046 317 3136 hostem,
330 3047 473 3119 relictos
486 3076 493 3116 ε
506 3045 737 3118 tabernacula
750 3062 890 3144 aperta,
902 3061 937 3118 et
952 3048 1073 3147 omnia
1087 3071 1166 3117 cara
1180 3049 1220 3118 in

160 3173 330 3255 promptu
352 3156 504 3228 relicta:
528 3171 715 3253 argentum
737 3155 951 3252 quibusdam
971 3157 1058 3225 locis
1082 3171 1219 3229 temere

149 3277 225 3365 'per
238 3269 328 3357 vias,
343 3269 440 3339 velut
456 3266 642 3362 objectum
658 3268 703 3338 ad
718 3267 894 3366 praedam,
910 3264 1047 3336 vidisse.
1069 3270 1158 3356 Quae
1174 3266 1220 3339 ad

159 3490 252 3536 menta,
264 3490 291 3526 ut
302 3496 355 3542 quae
368 3480 484 3544 gravioris
496 3487 552 3525 sunt
563 3475 666 3524 molimi·
744 3475 769 3524 6.
789 3477 853 3522 Dum
870 3474 919 3538 {oss
939 3473 1032 3538 longius
1049 3473 1154 3536 spatium
1172 3476 1219 3525 viae

159 3558 211 3614 nis,
225 3557 334 3604 traducta
348 3575 392 3622 per
407 3559 542 3606 convallem
554 3557 664 3619 longiore
701 3554 769 3620 suga
778 3555 934 3619 praeciperet;
944 3555 975 3602 al.
982 3553 1132 3618 praerqoeret.
1145 3556 1217 3606 Cous.

159 3637 272 3684 circuitu.
286 3639 331 3684 Eu.
708 3635 740 3682 ad
751 3637 799 3693 Ill,
811 3636 843 3689 46
853 3669 860 3692 ,
870 3650 894 3681 n.
904 3634 926 3681 5.

196 3717 219 3765 5.
239 3715 321 3763 Crebri
340 3714 417 3762 relicti
435 3715 459 3762 in
479 3713 564 3762 castris
583 3713 662 3778 ignes,
747 3730 769 3773 7.
786 3713 910 3759 Tenerein
926 3711 1216 3767 Iurisconsules,scil.ii1

159 3807 221 3856 ete,
234 3808 296 3844 uoto
313 3804 477 3857 stratagemate
493 3788 614 3841 exercitus
627 3809 665 3840 ca-
709 3788 798 3854 quihus
807 3802 890 3846 erant,
902 3791 928 3837 in
939 3790 1037 3848 castris;
1052 3789 1116 3838 nuk.
1129 3793 1216 3840 Teucro

160 3887 208 3922 stra
221 3876 303 3924 insciis
314 3872 425 3922 hostibus
436 3873 565 3920 moventis.
576 3871 666 3920 contet
709 3870 738 3917 iis
748 3870 807 3918 locis
816 3870 881 3928 conj.
890 3869 942 3916 Jac.
953 3869 1029 3916 Gron.
1148 3917 1151 3922 ,
1170 3924 1175 3933 .

159 3951 665 4015 Frontin.1‚1‚n.9;1‚5,n.aaet24;
744 3946 1211 4009 eu.,xtlt.1.0umturmatucana;
1315 3941 1317 3945 ¹

159 4027 664 4099 Onos.c.10,§5;Leo.‚o.11,§24.
709 4026 989 4088 videadx‚33,n.1.
