2782 4568
137 310 143 325 ’
198 308 243 377 30
615 314 651 377 r.
687 312 827 379 mvn
1107 296 1232 403 east:
1296 382 1299 387 ,

195 452 294 498 «nec
310 443 427 497 vestra
446 431 520 522 jam
541 445 602 498 aut
623 454 722 499 arma
741 447 826 515 vos,
851 445 914 500 aut
933 434 1067 503 moenia
1090 436 1173 504 satis
1194 438 1258 508 de-

195 538 397 626 «fendunt,
420 563 546 636 pacem
571 537 683 610 allero
709 539 754 610 ad
779 564 840 610 vos
866 542 977 638 magis
1002 546 1258 636 necessariam,

193 679 210 712 «
225 673 333 745 quam
344 672 493 744 aquam.
507 649 620 743 Cujus
630 651 678 720 ita
688 650 807 745 aliqua
816 675 896 748 spes
906 666 976 740 est,
990 653 1019 721 si
1029 677 1123 738 eam,
1137 679 1259 751 quem-

195 788 211 822 «
226 756 422 828 admodum
440 772 481 826 ut
502 760 617 828 victor
640 756 709 829 lert
732 760 931 848 Hannibal,
953 762 1002 831 sic
1022 788 1086 832 vos
1107 779 1149 834 ut
1174 768 1258 837 victi

192 899 209 932 (ι
223 867 389 953 audiatis3
405 869 433 937 si
448 892 523 938 non
537 867 591 956 id,
604 869 704 965 quod
718 871 905 957 amittitur,
921 871 959 940 in
974 870 1107 943 damno
1123 872 1257 970 (quum
1313 857 1317 865 .

191 1010 207 1042 «
221 979 341 1048 omnia
355 979 500 1049 victoris
515 977 623 1072 sint),
643 980 724 1069 sed,
740 980 919 1077 quidquid
934 981 1171 1078 relinquitur,
1190 1011 1256 1083 pro

192 1114 372 1159 «munere
388 1087 546 1179 habituri
558 1091 652 1160 estis,
666 1090 803 1161 Urbem
817 1091 936 1178 vobis,
947 1117 1056 1189 quam
1071 1119 1114 1163 ex
1130 1120 1258 1192 magna

191 1231 207 1262 a
218 1201 290 1295 jam
314 1214 415 1297 parte
438 1198 615 1288 dirutam,
640 1215 781 1303 captam
807 1199 881 1272 lere
907 1216 1020 1273 totam
1045 1202 1173 1292 habet,
1195 1205 1256 1275 ad-

192 1341 207 1374 «
223 1312 319 1395 imit3
346 1333 449 1406 agros
471 1308 665 1405 relinquit,
689 1310 810 1380 locum
834 1314 1092 1410 assignaturus,
1118 1314 1156 1382 in
1181 1338 1255 1409 quo

191 1445 356 1491 «novum
391 1417 568 1515 oppidum
599 1417 808 1490 aedificetis:
837 1446 964 1492 aurum
995 1439 1256 1519 argentumque

191 1555 349 1616 «omne,
368 1529 554 1625 publicum
574 1531 842 1626 privatumque,
861 1531 903 1601 ad
923 1557 960 1602 se
976 1533 1080 1628 jubet
1100 1531 1253 1604 deferri:

191 1674 208 1706 «
222 1642 420 1738 conjugum
430 1653 619 1734 vestraque
633 1663 784 1735 corpora
795 1665 835 1710 ae
845 1640 1043 1729 liberorum
1054 1656 1255 1712 vestrorum

191 1782 208 1816 «
223 1766 339 1822 servat
362 1749 547 1833 inviolata,
566 1750 594 1818 si
617 1749 773 1819 inermes
796 1775 879 1819 curn
901 1747 1020 1820 binis³
1034 1753 1256 1823 vestimentis

191 1861 335 1932 «velitis
352 1858 397 1930 ab
418 1863 578 1954 Sagunto
600 1860 708 1929 exire.
734 1863 816 1927 Haec
833 1859 947 1928 victor
964 1857 1076 1927 hostis
1091 1859 1253 1954 imperat.

190 2005 206 2038 κ
220 1979 319 2061 Haec,
342 1993 551 2068 quanquam
573 1969 645 2038 sint
669 1970 788 2065 gravia
809 1982 917 2064 atque
937 1967 1085 2055 acerba,
1109 1966 1254 2039 fortuna

190 2099 338 2155 «vestra
354 2080 457 2152 vohis
475 2079 611 2151 suadet.
632 2077 809 2176 Equidem
830 2076 925 2149 haud
947 2077 1118 2174 despue,
1139 2105 1253 2176 quum

189 2197 385 2266 «omnium
403 2205 562 2290 potestas
585 2191 617 2260 ei
640 2189 755 2259 factal
770 2191 831 2276 sit,
852 2188 985 2284 aliquid
1008 2215 1051 2260 ex
1070 2189 1125 2259 his
1143 2189 1253 2262 rebus

189 2308 462 2375 «remissurum.
496 2301 566 2373 Sed
591 2301 647 2370 vel
677 2300 754 2370 haec
780 2299 947 2397 patienda
976 2325 1106 2372 censeo
1132 2303 1253 2398 potius

188 2438 327 2510 «quam
350 2413 520 2483 trucidari
544 2435 696 2506 corpora
715 2425 832 2480 vestra
843 2406 869 2496 ⁵,
889 2410 967 2506 rapi
986 2411 1151 2508 trahique
1170 2426 1253 2482 ante

189 2549 282 2593 «ora
300 2538 416 2592 vestra
431 2523 602 2616 conjuges
619 2519 808 2590 aoliberos
823 2519 909 2590 belli
918 2523 999 2616 jure
1014 2523 1173 2592 sinatis.»

236 2637 329 2703 XIV.
346 2631 401 2702 Ad
416 2631 493 2700 haee
507 2629 686 2700 audienda
702 2655 834 2726 quum,
853 2630 1067 2701 circumfusa
1081 2632 1251 2729 paulatim

187 2742 654 2839 multitmline‚pern1ixtum
663 2741 1038 2843 senatuiessetpopuli
1047 2741 1250 2830 concilium,

188 2867 338 2950 repente
351 2854 544 2950 primores,
558 2854 757 2922 secessione
767 2850 858 2922 facta
868 2854 1096 2950 (priusquam
1107 2877 1251 2950 respon-

187 3037 377 3094 documentum,
402 3049 430 3084 ut
453 3037 608 3084 crederentur
633 3035 695 3095 illae,
740 3035 840 3084 abeunti
851 3035 990 3092 mandasse,
1004 3037 1250 3098 utproslngulleve-

187 3118 287 3174 XXVI,
300 3124 334 3172 αἰ,
348 3133 385 3180 pr.
398 3143 434 3151 —
445 3115 537 3163 Sicuos
547 3127 574 3161 ut
583 3114 646 3161 victi
654 3131 697 3160 au·
740 3115 860 3162 stimentis
876 3114 934 3160 bina
952 3114 1063 3171 offerret,
1083 3114 1250 3178 suspicabatur

188 3196 276 3253 diatis;
289 3200 345 3242 'eum
359 3196 436 3242 Gron.
449 3193 496 3256 leg.
511 3193 630 3240 audietis:
639 3209 696 3240 nam
740 3194 863 3241 Drakenb.

128 3321 130 3324 .
188 3286 212 3321 et
230 3291 290 3328 mox
311 3273 420 3321 habituri
435 3272 489 3319 estis
507 3273 537 3319 ab
556 3272 641 3320 eodem
658 3272 693 3328 si,
776 3282 800 3328 4.
821 3274 932 3320 Omnium
943 3285 1052 3336 potestas
1066 3271 1182 3337 eifacta,
1197 3289 1250 3320 om-

186 3354 291 3416 pendet;
305 3355 390 3401 Bauer.
741 3352 780 3397 nia
793 3355 841 3399 eia
855 3352 927 3399 vobis
940 3368 1068 3409 concessa,
1084 3354 1135 3412 ejus
1149 3353 1249 3401 arbitrio

221 3435 245 3480 3.
261 3435 366 3479 Inermes
380 3447 434 3476 cum
447 3430 509 3476 binis
523 3430 671 3477 vestimentis
687 3447 696 3476 .·
739 3431 838 3491 relieta3
849 3433 922 3478 Doer.
936 3432 1026 3478 Confer
1035 3433 1108 3488 VIII,
1123 3433 1152 3478 13
1161 3443 1221 3478 extr.
1233 3449 1250 3478 a

184 3512 292 3575 sedorp.
309 3508 696 3573 123cumsingulisvestimengis
739 3510 810 3555 vobis
830 3521 885 3555 ante
898 3509 973 3572 facta
989 3510 1098 3556 inserunt
1114 3510 1170 3557 edd.
1189 3521 1248 3558 antt.

186 3590 277 3637 dictum
293 3602 350 3637 erat.
367 3589 432 3636 Hinc
447 3586 514 3650 Lips.
533 3587 627 3632 emend.
642 3602 695 3633 cum
732 3586 808 3650 facta
820 3586 866 3632 erit
878 3588 915 3633 rel
928 3597 1073 3649 potestatem
1077 3587 1187 3651 feceritis
1200 3605 1249 3635 ma-

181 3669 257 3731 priris
272 3667 432 3722 uestimentis,
452 3666 477 3713 h.
495 3682 516 3712 e.
535 3665 655 3728 singulis?
672 3676 696 3712 et
739 3665 805 3712 lebat
820 3666 896 3712 Gron.
910 3692 945 3700 -
963 3662 1248 3716 HaeenotatCreveriue:

187 3747 240 3792 nnis
255 3747 367 3805 Doujat.;
381 3756 405 3791 at
422 3746 496 3792 Doer.
510 3759 538 3790 ea
553 3744 695 3809 vestimenta
741 3743 814 3804 vulgo
826 3760 843 3789 a
856 3740 1007 3806 uobisfacea
1019 3744 1066 3801 sit;
1080 3745 1123 3792 sed
1132 3743 1165 3796 τὰ
1177 3762 1248 3791 avo·
1330 3802 1333 3807 .

186 3825 257 3872 simul
269 3825 391 3871 intellecta
402 3835 482 3886 putat,
495 3822 583 3885 quibus
594 3823 696 3885 quisque
740 3821 776 3868 bis
787 3822 900 3884 ignorant
914 3837 997 3869 omnes
1009 3825 1107 3887 scripti,
1120 3835 1172 3870 tum
1185 3826 1248 3872 Gro-

185 3903 285 3950 indutus
300 3914 368 3949 esset.
380 3902 554 3959 Hannibalem,
571 3919 645 3964 quum
660 3901 696 3947 vi·
740 3901 854 3956 noviani,
865 3911 914 3946 tum
925 3903 1010 3948 nostrl.
1022 3904 1066 3948 En.

187 3980 403 4040 disset,Alconem
413 3981 488 4028 dietas
497 3980 565 4045 pacis
573 3980 638 4042 leges
646 3991 696 4026 tan·
751 3966 753 3970 Α
776 3979 799 4026 5.
818 3975 946 4025 Trueidari
959 3996 1062 4043 corpora
1074 3991 1174 4037 vestras
1191 3981 1248 4028 vide

185 4071 271 4124 tepere
290 4060 422 4118 abnuisse,
448 4060 540 4107 Alorco
563 4061 695 4121 Saguntum
739 4057 771 4103 ad
783 4058 885 4114 xxm,
900 4060 943 4118 18,
956 4075 981 4104 n.
999 4060 1021 4105 8.
