2782 4568
189 311 255 392 124
601 309 640 376 r.
671 281 818 377 mvn

231 432 341 501 LXII.
357 430 495 514 Romae,
511 441 572 498 aut
589 428 682 498 circa
696 426 823 498 urbem
841 425 953 495 multa
969 449 1010 495 ea
1025 425 1142 496 hieme
1163 452 1244 524 pro-

182 540 296 635 digia¹
313 535 404 608 lacta
420 564 427 606 :
446 552 525 624 aut,
545 537 645 634 quod
663 539 806 609 evenire
823 535 932 623 solet,
949 537 1055 606 motis
1074 538 1185 607 semel
1202 540 1242 608 in

180 649 391 744 religionem
405 649 548 737 animis,
566 648 680 719 multa
698 649 878 736 nuntiata,
895 661 930 717 et
951 661 1085 717 temere
1107 648 1243 719 credita

179 773 267 831 sunt
286 786 293 827 :
318 760 356 828 in
376 760 457 855 quis
474 759 673 856 ingenuum
695 755 869 829 infantem
886 771 1093 827 semestrem
1108 759 1145 825 in
1160 757 1242 828 loro

182 869 327 939 olitorio
343 867 570 965 triumphum
589 869 782 939 clamasse:
807 881 842 936 et
863 864 943 936 foro
963 865 1089 936 boario
1112 863 1242 935 bovem

180 978 220 1048 in
240 979 382 1048 tertiam
401 979 707 1075 contignationem
726 1001 788 1047 sua
808 991 936 1074 sponte
954 975 1169 1062 ascendisse,
1187 990 1242 1045 at-

183 1113 256 1184 que
282 1086 367 1157 inde
394 1087 554 1158 tumultu
582 1086 827 1157 habitatorum
854 1087 1019 1155 territum
1046 1109 1121 1155 sese
1145 1084 1242 1178 deje-

180 1197 291 1267 cisse:
313 1211 349 1267 et
367 1198 513 1267 navium
533 1197 687 1293 speciem
703 1195 747 1265 de
766 1193 1064 1282 caeloallulsisse,
1082 1208 1117 1264 et
1129 1193 1242 1264 aedem

179 1307 281 1402 Spei,
297 1330 377 1402 quae
391 1307 496 1376 estin
515 1304 595 1376 foro
611 1307 757 1376 olitorio
767 1315 793 1392 ²,
813 1304 965 1375 fulmine
979 1306 1084 1375 ictam
1102 1330 1108 1372 :
1125 1318 1159 1374 et
1173 1309 1240 1374 La-

182 1417 283 1484 nuvii
307 1415 447 1487 hastam
470 1441 507 1487 se
530 1417 766 1486 commovisse
797 1443 804 1484 :
832 1430 867 1485 et
894 1440 1041 1485 corvum
1068 1417 1105 1484 in
1130 1414 1241 1484 aedem

181 1527 333 1599 Juuonis
356 1526 558 1615 devolasse,
580 1541 689 1621 atque
712 1526 752 1594 in
773 1526 853 1623 ipso
872 1521 1098 1622 pulvinario³
1118 1549 1243 1595 conse·

182 1633 274 1707 disse
294 1663 302 1705 1
327 1651 363 1707 et
384 1638 422 1706 in
441 1661 527 1734 agro
546 1637 788 1709 amiterninot
805 1635 928 1706 multis
945 1636 1034 1707 locis
1053 1635 1242 1706 hominum

215 1835 274 1882 Car.
284 1838 362 1883 LXII.
379 1852 401 1883 1.
418 1838 499 1884 Multa
511 1853 541 1884 ea
550 1837 626 1886 bieme
631 1856 689 1904 pro·
733 1838 809 1906 tifices
820 1838 902 1886 hastas
916 1849 994 1884 motas
1006 1837 1146 1883 utentiavere
1156 1853 1243 1885 vocem

178 1907 261 1977 digia,
272 1925 318 1961 etc.
329 1916 365 1961 De
374 1915 463 1977 quibus
472 1917 650 1965 omnibusvide
658 1917 690 1964 ad
733 1917 822 1963 Martis
835 1916 996 1976 adjiciendam
1005 1930 1063 1961 esse.
1077 1913 1125 1961 Sed
1138 1931 1188 1961 non
1200 1933 1243 1964 va·

179 1994 207 2064 1,
221 1993 267 2052 31,
287 2010 312 2041 n.
328 2010 349 2042 1.
365 2022 400 2030 —
418 1998 553 2060 Ingenuum
572 1995 690 2061 infantem
734 1996 798 2043 rIant
810 1997 886 2052 MSS,
900 2005 924 2041 et
934 1994 1014 2056 simpl.
1024 1992 1100 2039 hastae
1110 2004 1182 2039 motta
1192 2011 1242 2042 me·

177 2083 321 2120 semestrem,
336 2073 361 2119 in
384 2073 445 2139 fhro
472 2075 589 2133 olitorio,
621 2087 689 2123 extra
733 2085 858 2122 morantur
869 2074 941 2120 etiam
950 2074 1026 2130 XXI,
1045 2072 1147 2131 62,ubi
1161 2073 1243 2121 Sabel-

177 2161 275 2214 portam
287 2153 475 2211 Carmentalem,
499 2155 563 2202 inter
581 2155 689 2202 Tiberim
732 2153 794 2201 Iloua
807 2153 900 2200 hastam
917 2151 1023 2199 Junonis
1039 2152 1185 2209 Lanuvinae,
1199 2169 1244 2201 seu

91 2278 95 2287 ,
178 2240 204 2277 et
216 2231 377 2294 Capitolium,
395 2232 541 2296 triumphum
557 2234 687 2289 clamasse,
733 2231 837 2295 Sospitae
849 2230 953 2277 indicari
970 2242 1052 2294 putat3
1064 2231 1133 2290 cujus
1145 2243 1242 2279 senten·

178 2307 242 2355 forte
254 2310 277 2355 io
295 2311 415 2374 triumpho
425 2328 446 2358 c.
460 2313 502 2376 (ut
512 2314 609 2370 XXIV,
626 2327 656 2359 10
666 2311 690 2377 );
733 2311 791 2358 tiam
808 2309 904 2373 egregie
919 2309 1040 2357 Illustrant
1057 2311 1151 2357 nummi
1164 2311 1242 2374 gentIs

177 2386 221 2433 sed
234 2388 319 2434 confer
332 2389 413 2438 Valet.
428 2382 496 2438 Max}
510 2395 534 2448 1,
546 2394 575 2447 6,
587 2406 612 2436 n.
623 2391 639 2436 5
650 2387 689 2453 (et
733 2389 857 2447 Pmoilhe,
866 2388 997 2451 imaginem
1003 2390 1117 2448 Iunonis,
1127 2389 1242 2436 cornibus

178 2465 251 2512 ovid.
265 2467 320 2513 Am.
331 2470 358 2526 Ι,
373 2485 402 2529 a,
413 2485 438 2515 n.
450 2470 484 2516 25
490 2471 498 2530 )
513 2469 604 2517 Stroth.
616 2468 656 2516 Sic
665 2479 689 2514 et
734 2467 839 2531 caprinis
853 2479 954 2526 ornam,
970 2479 993 2515 et
1005 2467 1074 2514 hasta
1084 2479 1191 2525 armatae,
1202 2484 1243 2514 ex·

178 2543 325 2607 triumphum
343 2547 440 2593 nomine
461 2547 524 2592 ciere
542 2542 715 2610 (exclamamus
732 2545 858 2605 hibentes,
876 2559 900 2595 et
914 2547 984 2594 loeus
997 2548 1049 2597 Cio.
1060 2547 1090 2594 de
1100 2549 1155 2595 Nat.
1168 2550 1241 2594 Deor.

176 2621 206 2666 Io
220 2621 342 2686 triumphe
351 2622 372 2687 l)
392 2626 470 2682 XLV,
484 2626 525 2672 38.
546 2624 688 2671 Saturnalia
733 2627 757 2683 Ι,
769 2640 816 2686 29,
828 2626 933 2689 Insignia
948 2626 1021 2687 hujus
1036 2626 1141 2674 Junonis
1154 2626 1242 2689 pellem

176 2699 308 2746 clamatum
322 2699 374 2762 (vel
386 2701 468 2764 potius
475 2702 596 2758 clamata,
605 2702 688 2762 judice
733 2705 871 2769 caprinam,
889 2707 997 2765 hastam,
1013 2707 1134 2754 scutulum
1153 2717 1177 2752 et
1193 2707 1241 2753 cal·

176 2777 249 2824 etitem
259 2777 349 2843 Gron.)
361 2781 453 2838 XXII,
469 2796 479 2825 1
495 2792 556 2828 extr.
577 2781 688 2828 Cauneas

176 2853 280 2921 (scilicet
298 2855 376 2923 licus)
395 2859 540 2906 clamitabat
557 2860 623 2924 apud
635 2861 687 2909 Cic.

174 2935 232 2983 Div.
244 2938 268 2982 ΙΙ
278 2969 287 2995 ,
299 2945 344 2996 40,
356 2949 381 2985 et
393 2953 439 2984 nos
453 2952 460 2986 :
479 2941 555 2985 Feuer
567 2938 687 2995 sehreren.

151 3050 154 3055 ,
176 3041 211 3052 -
220 3017 285 3062 Foro
296 3015 398 3079 boario‚·
411 3017 468 3064 vide
477 3017 508 3064 ad
518 3019 558 3075 X,
573 3020 619 3077 23,
631 3035 687 3066 ma.

174 3094 321 3141 —Navium
329 3096 430 3158 speciem
440 3096 470 3142 de
479 3097 538 3144 coeIo
550 3096 684 3162 affitlst'sse,

174 3183 204 3220 ut
213 3174 296 3229 XLII,
308 3189 373 3231 a,n.
384 3190 414 3232 a;
429 3175 486 3221 vide
495 3175 559 3234 adl,
573 3178 614 3235 31,
627 3193 652 3223 n.
664 3193 686 3225 1.

211 3267 235 3299 a.
246 3251 334 3298 AEdem
341 3253 396 3316 Spei
405 3252 494 3318 infore
504 3254 615 3311 olitorio,
631 3254 687 3302 vide

173 3329 205 3376 ad
214 3330 254 3387 11,
269 3331 311 3389 51,
325 3347 350 3379 n.
361 3348 385 3378 a.
393 3359 427 3368 --
438 3333 542 3380 Lanuuii
552 3333 650 3381 hastam
660 3350 686 3381 se

174 3409 341 3466 commovisse,·
352 3411 436 3459 confer
448 3412 480 3458 ad
490 3415 588 3472 XXIV,
604 3429 684 3470 10,n.

175 3485 199 3533 8.
214 3488 300 3534 Hastae
311 3489 398 3535 Martis
409 3490 483 3553 vulgo
495 3491 647 3554 iutelligunt,
658 3502 686 3538 nt

174 3564 270 3623 XXIV,
283 3581 361 3623 1o,n.
374 3569 396 3614 8.
411 3570 517 3615 Possunt
526 3569 599 3616 etism
609 3569 685 3616 hastae

175 3641 306 3706 intemplis
317 3660 440 3709 suspensa·
447 3647 530 3694 aliaeve
541 3647 611 3693 innui
618 3664 625 3706 ς
632 3647 685 3696 vid.

174 3719 207 3767 ad
217 3725 240 3779 Ι,
251 3722 293 3780 31,
302 3740 327 3769 n.
336 3740 358 3772 1.
369 3727 453 3789 Steger
463 3726 493 3773 de
502 3726 623 3790 prodigiis
631 3743 686 3791 pag.

733 2800 789 2832 ceos
800 2785 923 2848 repandos
935 2785 1056 2842 referens,
1068 2801 1139 2848 quem
1151 2785 1243 2849 optime

732 2864 843 2911 adhunc
856 2881 981 2912 nummum
993 2864 1124 2912 advocavit
1136 2865 1241 2912 Haverh.

732 2942 758 2989 in
773 2943 867 2991 Comm.
880 2944 911 2990 ad
923 2944 995 2991 Thes.
1008 2943 1106 2990 Μαι-111.
1118 2953 1136 2989 t.
1148 2945 1172 3000 I,
1185 2958 1240 3006 pag.

734 3021 791 3070 560.
805 3022 846 3068 An
859 3022 934 3085 igitur
947 3023 1005 3080 XL,
1018 3037 1062 3083 19,
1075 3021 1118 3068 ubi
1131 3037 1182 3067 non
1197 3021 1242 3067 ha·

732 3113 787 3157 sta,
806 3100 849 3147 sed
869 3100 946 3148 hastae
966 3112 1142 3157 memorantur,
1159 3100 1241 3162 potius

730 3180 872 3227 indicantur
888 3179 963 3227 hastae
983 3195 1058 3242 quum
1075 3178 1162 3225 Martis
1180 3181 1242 3224 Prae·

731 3270 799 3306 neate
812 3259 964 3321 aliorumque
975 3259 1089 3314 deornm,
1102 3267 1153 3304 tum
1163 3258 1242 3303 Juno-

731 3337 770 3384 nis
791 3338 896 3401 Sospitae
915 3337 1018 3384 Lanuvii
1039 3336 1128 3382 cultae?
1144 3351 1198 3382 nam
1217 3347 1242 3383 et

729 3416 870 3478 proximum
888 3414 1041 3478 prodigium,
1056 3415 1123 3476 quod
1139 3415 1242 3462 Lanuvii

730 3494 794 3539 circa
807 3494 962 3540 simulacrum
973 3492 1079 3552 ejusdem
1089 3495 1195 3541 sunonis
1203 3509 1242 3540 ac-

731 3571 806 3630 cidit,
827 3571 854 3618 id
875 3571 977 3618 suadere
997 3571 1103 3619 videtur.
1126 3575 1242 3619 Praeterea

730 3650 780 3697 hoc
797 3666 896 3714 quoque
914 3650 1055 3713 prodigium
1073 3666 1126 3697 non
1142 3653 1241 3707 Romae,

732 3728 775 3776 sed
789 3728 848 3775 alibi
862 3740 928 3776 extra
942 3729 1034 3776 Urbem
1047 3729 1175 3784 accidisse,
1194 3728 1242 3774 col·

179 3798 244 3855 1233
258 3810 283 3846 et
292 3801 367 3848 Drak.
383 3805 414 3850 ad
423 3806 481 3862 XL,
497 3821 541 3868 19,
553 3822 578 3853 n.
594 3823 625 3866 2,
644 3806 688 3853 ubi
732 3807 783 3870 ligo
797 3824 827 3854 ex
840 3808 916 3854 verbo
929 3808 1081 3864 nuntiavere,
1095 3821 1145 3869 quo
1158 3806 1243 3852 Livius

175 3875 229 3923 haec
240 3879 335 3925 notavit
348 3894 354 3927 :
366 3903 378 3921 α
391 3882 500 3931 Scheffer
512 3884 544 3932 ad
555 3885 646 3948 Obseq.
657 3886 687 3933 de

175 3953 248 4020 prod.
263 3956 296 4001 60
306 3990 313 4014 ,
324 3968 349 4004 et
360 3961 405 4019 963
417 3978 448 4008 ex
456 3979 486 4010 eo
496 3975 521 4011 et
529 3964 581 4011 liv.
591 3966 687 4025 XXIV,

179 4048 225 4093 10,
238 4033 350 4094 conjicit,
364 4039 480 4118 XL,19,
497 4041 529 4091 ad
541 4043 616 4092 rerba
622 4059 686 4106 pon·

732 3885 810 3933 utitur
823 3885 853 3932 de
867 3885 955 3934 talibus
968 3885 1114 3951 prodIgiis.»

769 3965 793 4012 3.
807 3967 837 4012 In
851 3966 901 4030 ipso
908 3967 975 4031 pulv.
982 3985 992 4023 ,·
1003 3966 1064 4022 v.V,
1079 3965 1124 4024 13,
1136 3980 1162 4010 n.
1178 3961 1203 4009 5.

769 4051 793 4099 4.
806 4047 837 4093 Iu
851 4061 911 4110 agro
929 4044 1073 4094 amiternino
1088 4042 1241 4109 (videdX,
1265 4111 1270 4117 ,
