<?xml version="1.0" encoding="UTF-8"?>
<!DOCTYPE html PUBLIC "-//W3C//DTD XHTML 1.0 Transitional//EN"
    "http://www.w3.org/TR/xhtml1/DTD/xhtml1-transitional.dtd">
<html xmlns="http://www.w3.org/1999/xhtml" xml:lang="en" lang="en">
 <head>
  <title>
</title>
<meta http-equiv="Content-Type" content="text/html;charset=utf-8" />
  <meta name='ocr-system' content='tesseract 3.04.00' />
  <meta name='ocr-capabilities' content='ocr_page ocr_carea ocr_par ocr_line ocrx_word'/>
</head>
<body>
  <div class='ocr_page' id='page_1' title='image "./titusliviuspata06freigoog_0250.png"; bbox 0 0 2782 4568; ppageno 0'>
   <div class='ocr_carea' id='block_1_1' title="bbox 195 311 1229 421">
    <p class='ocr_par' dir='ltr' id='par_1_1' title="bbox 195 311 1229 421">
     <span class='ocr_line' id='line_1_1' title="bbox 195 311 1229 421; baseline -0.007 -7"><span class='ocrx_word' id='word_1_1' title='bbox 195 311 323 416; x_wconf 56' lang='lat' dir='ltr'>llll:</span> <span class='ocrx_word' id='word_1_2' title='bbox 348 336 508 403; x_wconf 79' lang='lat' dir='ltr'>Lmen</span> <span class='ocrx_word' id='word_1_3' title='bbox 537 335 664 403; x_wconf 81' lang='lat' dir='ltr'>xxn.</span> <span class='ocrx_word' id='word_1_4' title='bbox 693 333 798 402; x_wconf 72' lang='lat' dir='ltr'>car.</span> <span class='ocrx_word' id='word_1_5' title='bbox 823 334 928 402; x_wconf 79' lang='lat' dir='ltr'>mu.</span> <span class='ocrx_word' id='word_1_6' title='bbox 956 335 1061 415; x_wconf 65' lang='lat' dir='ltr'>mv„</span> <span class='ocrx_word' id='word_1_7' title='bbox 1158 334 1229 421; x_wconf 72' lang='lat'>243</span> 
     </span>
    </p>
   </div>
   <div class='ocr_carea' id='block_1_2' title="bbox 81 453 1234 2315">
    <p class='ocr_par' dir='ltr' id='par_1_2' title="bbox 169 453 1234 996">
     <span class='ocr_line' id='line_1_2' title="bbox 169 453 1228 552; baseline 0.003 -26"><span class='ocrx_word' id='word_1_8' title='bbox 169 454 393 526; x_wconf 80' lang='lat' dir='ltr'><em>Audendum</em></span> <span class='ocrx_word' id='word_1_9' title='bbox 412 469 522 552; x_wconf 84' lang='lat' dir='ltr'>utque</span> <span class='ocrx_word' id='word_1_10' title='bbox 538 454 740 551; x_wconf 79' lang='lat' dir='ltr'>agendum,</span> <span class='ocrx_word' id='word_1_11' title='bbox 759 478 831 524; x_wconf 81' lang='lat' dir='ltr'>non</span> <span class='ocrx_word' id='word_1_12' title='bbox 848 453 1143 541; x_wconf 84' lang='lat' dir='ltr'>consultandum,</span> <span class='ocrx_word' id='word_1_13' title='bbox 1161 461 1228 547; x_wconf 89' lang='lat' dir='ltr'>ait,</span> 
     </span>
     <span class='ocr_line' id='line_1_3' title="bbox 169 563 1231 666; baseline 0.006 -32"><span class='ocrx_word' id='word_1_14' title='bbox 169 571 206 636; x_wconf 82' lang='lat' dir='ltr'>in</span> <span class='ocrx_word' id='word_1_15' title='bbox 224 581 327 636; x_wconf 82' lang='lat' dir='ltr'>tanto</span> <span class='ocrx_word' id='word_1_16' title='bbox 342 563 439 634; x_wconf 88' lang='lat' dir='ltr'>mulo</span> <span class='ocrx_word' id='word_1_17' title='bbox 456 589 539 635; x_wconf 84' lang='lat' dir='ltr'>esse.</span> <span class='ocrx_word' id='word_1_18' title='bbox 558 570 789 638; x_wconf 79' lang='lat' dir='ltr'>Irentseeum</span> <span class='ocrx_word' id='word_1_19' title='bbox 802 564 984 663; x_wconf 74' lang='lat' dir='ltr'>extemplo</span> <span class='ocrx_word' id='word_1_20' title='bbox 997 573 1147 653; x_wconf 83' lang='lat' dir='ltr'>armati,</span> <span class='ocrx_word' id='word_1_21' title='bbox 1165 575 1231 666; x_wconf 84' lang='lat' dir='ltr'>qui</span> 
     </span>
     <span class='ocr_line' id='line_1_4' title="bbox 169 674 1234 774; baseline 0.005 -29"><span class='ocrx_word' id='word_1_22' title='bbox 169 674 426 773; x_wconf 81' lang='lat' dir='ltr'><em>rempublicam</em></span> <span class='ocrx_word' id='word_1_23' title='bbox 442 675 580 746; x_wconf 73' lang='lat' dir='ltr'>saluam</span> <span class='ocrx_word' id='word_1_24' title='bbox 598 676 742 747; x_wconf 82' lang='lat' dir='ltr'>uellent.</span> <span class='ocrx_word' id='word_1_25' title='bbox 761 675 873 749; x_wconf 84' lang='lat' dir='ltr'>Nullo</span> <span class='ocrx_word' id='word_1_26' title='bbox 888 682 1028 763; x_wconf 73' lang='lat' dir='ltr'>verine,</span> <span class='ocrx_word' id='word_1_27' title='bbox 1042 703 1153 774; x_wconf 84' lang='lat' dir='ltr'>quum</span> <span class='ocrx_word' id='word_1_28' title='bbox 1169 679 1234 750; x_wconf 83' lang='lat' dir='ltr'>ubi</span> 
     </span>
     <span class='ocr_line' id='line_1_5' title="bbox 170 782 1232 884; baseline 0.005 -29"><span class='ocrx_word' id='word_1_29' title='bbox 170 810 214 854; x_wconf 88' lang='lat' dir='ltr'>ea</span> <span class='ocrx_word' id='word_1_30' title='bbox 227 782 457 884; x_wconf 79' lang='lat' dir='ltr'>cogitentur⁶,</span> <span class='ocrx_word' id='word_1_31' title='bbox 470 785 625 857; x_wconf 80' lang='lat' dir='ltr'>hostium</span> <span class='ocrx_word' id='word_1_32' title='bbox 641 803 760 858; x_wconf 84' lang='lat' dir='ltr'>eastra</span> <span class='ocrx_word' id='word_1_33' title='bbox 774 812 855 858; x_wconf 83' lang='lat' dir='ltr'>esse.</span> <span class='ocrx_word' id='word_1_34' title='bbox 868 790 986 884; x_wconf 83' lang='lat' dir='ltr'>Pergit</span> <span class='ocrx_word' id='word_1_35' title='bbox 1000 789 1067 876; x_wconf 89' lang='lat' dir='ltr'>ire,</span> <span class='ocrx_word' id='word_1_36' title='bbox 1078 813 1232 884; x_wconf 91' lang='lat' dir='ltr'>sequen-</span> 
     </span>
     <span class='ocr_line' id='line_1_6' title="bbox 170 893 1231 996; baseline 0.004 -30"><span class='ocrx_word' id='word_1_37' title='bbox 170 893 267 968; x_wconf 86' lang='lat' dir='ltr'>tibus</span> <span class='ocrx_word' id='word_1_38' title='bbox 285 896 429 994; x_wconf 82' lang='lat' dir='ltr'>paucis,</span> <span class='ocrx_word' id='word_1_39' title='bbox 449 897 486 966; x_wconf 94' lang='lat' dir='ltr'>in</span> <span class='ocrx_word' id='word_1_40' title='bbox 504 896 703 994; x_wconf 83' lang='lat' dir='ltr'>hospitium</span> <span class='ocrx_word' id='word_1_41' title='bbox 720 897 874 984; x_wconf 55' lang='lat' dir='ltr'>Metella</span> <span class='ocrx_word' id='word_1_42' title='bbox 897 913 952 983; x_wconf 88' lang='lat' dir='ltr'>et,</span> <span class='ocrx_word' id='word_1_43' title='bbox 973 922 1088 996; x_wconf 92' lang='lat' dir='ltr'>quum</span> <span class='ocrx_word' id='word_1_44' title='bbox 1108 900 1231 970; x_wconf 90' lang='lat' dir='ltr'>conci-</span> 
     </span>
    </p>

    <p class='ocr_par' dir='ltr' id='par_1_3' title="bbox 81 1006 1234 2315">
     <span class='ocr_line' id='line_1_7' title="bbox 138 1006 1230 1104; baseline 0.004 -27"><span class='ocrx_word' id='word_1_45' title='bbox 138 1074 142 1091; x_wconf 65' lang='lat'>,</span> <span class='ocrx_word' id='word_1_46' title='bbox 169 1006 257 1089; x_wconf 87' lang='lat' dir='ltr'>lium</span> <span class='ocrx_word' id='word_1_47' title='bbox 277 1006 328 1078; x_wconf 88' lang='lat' dir='ltr'>ibi</span> <span class='ocrx_word' id='word_1_48' title='bbox 345 1008 541 1102; x_wconf 86' lang='lat' dir='ltr'>juvenum,</span> <span class='ocrx_word' id='word_1_49' title='bbox 563 1007 609 1078; x_wconf 91' lang='lat' dir='ltr'>de</span> <span class='ocrx_word' id='word_1_50' title='bbox 632 1006 764 1104; x_wconf 91' lang='lat' dir='ltr'>quibus</span> <span class='ocrx_word' id='word_1_51' title='bbox 782 1008 930 1079; x_wconf 88' lang='lat' dir='ltr'>allatum</span> <span class='ocrx_word' id='word_1_52' title='bbox 951 1024 1049 1096; x_wconf 88' lang='lat' dir='ltr'>erat,</span> <span class='ocrx_word' id='word_1_53' title='bbox 1068 1011 1230 1082; x_wconf 84' lang='lat' dir='ltr'>invenis-</span> 
     </span>
     <span class='ocr_line' id='line_1_8' title="bbox 81 1117 1232 1216; baseline 0.001 -27"><span class='ocrx_word' id='word_1_54' title='bbox 81 1185 84 1189; x_wconf 67' lang='lat'>,</span> <span class='ocrx_word' id='word_1_55' title='bbox 169 1124 243 1206; x_wconf 82' lang='lat' dir='ltr'>s&#39;et,</span> <span class='ocrx_word' id='word_1_56' title='bbox 266 1119 390 1188; x_wconf 87' lang='lat' dir='ltr'>stricto</span> <span class='ocrx_word' id='word_1_57' title='bbox 412 1141 521 1216; x_wconf 88' lang='lat' dir='ltr'>super</span> <span class='ocrx_word' id='word_1_58' title='bbox 541 1120 657 1214; x_wconf 86' lang='lat' dir='ltr'>capita</span> <span class='ocrx_word' id='word_1_59' title='bbox 679 1119 961 1189; x_wconf 83' lang='lat' dir='ltr'>consultantium</span> <span class='ocrx_word' id='word_1_60' title='bbox 983 1117 1124 1215; x_wconf 87' lang='lat' dir='ltr'>gladio,</span> <span class='ocrx_word' id='word_1_61' title='bbox 1144 1147 1161 1183; x_wconf 73' lang='grc' dir='ltr'><strong>α</strong></span> <span class='ocrx_word' id='word_1_62' title='bbox 1177 1123 1232 1190; x_wconf 76' lang='lat' dir='ltr'>Er</span> 
     </span>
     <span class='ocr_line' id='line_1_9' title="bbox 169 1228 1233 1328; baseline 0.008 -35"><span class='ocrx_word' id='word_1_63' title='bbox 169 1257 187 1293; x_wconf 77' lang='lat' dir='ltr'>a</span> <span class='ocrx_word' id='word_1_64' title='bbox 200 1229 272 1298; x_wconf 91' lang='lat' dir='ltr'>mei</span> <span class='ocrx_word' id='word_1_65' title='bbox 291 1229 401 1299; x_wconf 89' lang='lat' dir='ltr'>animi</span> <span class='ocrx_word' id='word_1_66' title='bbox 421 1229 637 1316; x_wconf 66' lang='lat' dir='ltr'>sententiat,</span> <span class='ocrx_word' id='word_1_67' title='bbox 655 1229 795 1325; x_wconf 88' lang='lat' dir='ltr'>inquit,</span> <span class='ocrx_word' id='word_1_68' title='bbox 814 1243 855 1298; x_wconf 88' lang='lat' dir='ltr'>ut</span> <span class='ocrx_word' id='word_1_69' title='bbox 878 1254 945 1326; x_wconf 89' lang='lat' dir='ltr'>ego</span> <span class='ocrx_word' id='word_1_70' title='bbox 970 1228 1233 1328; x_wconf 76' lang='lat' dir='ltr'>rempublicam</span> 
     </span>
     <span class='ocr_line' id='line_1_10' title="bbox 168 1337 1232 1435; baseline 0.008 -33"><span class='ocrx_word' id='word_1_71' title='bbox 168 1367 186 1402; x_wconf 79' lang='grc' dir='ltr'>(ι</span> <span class='ocrx_word' id='word_1_72' title='bbox 202 1337 330 1434; x_wconf 89' lang='lat' dir='ltr'>populi</span> <span class='ocrx_word' id='word_1_73' title='bbox 342 1339 484 1408; x_wconf 89' lang='lat' dir='ltr'>romani</span> <span class='ocrx_word' id='word_1_74' title='bbox 502 1364 578 1408; x_wconf 91' lang='lat' dir='ltr'>non</span> <span class='ocrx_word' id='word_1_75' title='bbox 593 1337 776 1426; x_wconf 87' lang='lat' dir='ltr'>deseram,</span> <span class='ocrx_word' id='word_1_76' title='bbox 790 1364 910 1435; x_wconf 89' lang='lat' dir='ltr'>neque</span> <span class='ocrx_word' id='word_1_77' title='bbox 925 1339 1034 1410; x_wconf 89' lang='lat' dir='ltr'>alium</span> <span class='ocrx_word' id='word_1_78' title='bbox 1050 1341 1163 1411; x_wconf 88' lang='lat' dir='ltr'>civem</span> <span class='ocrx_word' id='word_1_79' title='bbox 1176 1365 1232 1411; x_wconf 89' lang='lat' dir='ltr'>ro·</span> 
     </span>
     <span class='ocr_line' id='line_1_11' title="bbox 170 1446 1234 1546; baseline 0.009 -34"><span class='ocrx_word' id='word_1_80' title='bbox 170 1477 188 1512; x_wconf 69' lang='lat' dir='ltr'>a</span> <span class='ocrx_word' id='word_1_81' title='bbox 203 1473 352 1520; x_wconf 87' lang='lat' dir='ltr'>manum</span> <span class='ocrx_word' id='word_1_82' title='bbox 371 1448 536 1520; x_wconf 88' lang='lat' dir='ltr'>deserere</span> <span class='ocrx_word' id='word_1_83' title='bbox 556 1451 679 1546; x_wconf 88' lang='lat' dir='ltr'>patiar.</span> <span class='ocrx_word' id='word_1_84' title='bbox 702 1451 736 1520; x_wconf 92' lang='lat' dir='ltr'>Si</span> <span class='ocrx_word' id='word_1_85' title='bbox 751 1451 866 1520; x_wconf 87' lang='lat' dir='ltr'>sciens</span> <span class='ocrx_word' id='word_1_86' title='bbox 884 1446 969 1520; x_wconf 85' lang='lat' dir='ltr'>fallo</span> <span class='ocrx_word' id='word_1_87' title='bbox 979 1447 1005 1535; x_wconf 76' lang='lat'>⁸,</span> <span class='ocrx_word' id='word_1_88' title='bbox 1024 1465 1064 1521; x_wconf 90' lang='lat' dir='ltr'>tu</span> <span class='ocrx_word' id='word_1_89' title='bbox 1079 1475 1156 1538; x_wconf 90' lang='lat' dir='ltr'>me,</span> <span class='ocrx_word' id='word_1_90' title='bbox 1171 1456 1234 1522; x_wconf 86' lang='lat' dir='ltr'>Ju-</span> 
     </span>
     <span class='ocr_line' id='line_1_12' title="bbox 169 1557 1232 1665; baseline 0.01 -43"><span class='ocrx_word' id='word_1_91' title='bbox 169 1588 186 1622; x_wconf 82' lang='grc'><strong>«</strong></span> <span class='ocrx_word' id='word_1_92' title='bbox 201 1559 297 1656; x_wconf 89' lang='lat' dir='ltr'>piter</span> <span class='ocrx_word' id='word_1_93' title='bbox 320 1560 457 1656; x_wconf 89' lang='lat' dir='ltr'>optime</span> <span class='ocrx_word' id='word_1_94' title='bbox 478 1561 658 1645; x_wconf 80' lang='lat' dir='ltr'><strong>maxime,</strong></span> <span class='ocrx_word' id='word_1_95' title='bbox 679 1559 849 1645; x_wconf 90' lang='lat' dir='ltr'>domum,</span> <span class='ocrx_word' id='word_1_96' title='bbox 870 1557 1059 1646; x_wconf 80' lang='lat' dir='ltr'>familiam,</span> <span class='ocrx_word' id='word_1_97' title='bbox 1080 1584 1232 1665; x_wconf 73' lang='lat' dir='ltr'>reusque</span> 
     </span>
     <span class='ocr_line' id='line_1_13' title="bbox 169 1658 1233 1765; baseline 0.01 -34"><span class='ocrx_word' id='word_1_98' title='bbox 169 1696 187 1731; x_wconf 87' lang='lat'>«</span> <span class='ocrx_word' id='word_1_99' title='bbox 203 1691 320 1738; x_wconf 90' lang='lat' dir='ltr'>meam</span> <span class='ocrx_word' id='word_1_100' title='bbox 340 1666 495 1765; x_wconf 83' lang='lat' dir='ltr'>pessimo</span> <span class='ocrx_word' id='word_1_101' title='bbox 513 1667 587 1738; x_wconf 91' lang='lat' dir='ltr'>leto</span> <span class='ocrx_word' id='word_1_102' title='bbox 607 1660 785 1737; x_wconf 73' lang='lat' dir='ltr'>afficiasat</span> <span class='ocrx_word' id='word_1_103' title='bbox 806 1674 847 1737; x_wconf 90' lang='lat' dir='ltr'>In</span> <span class='ocrx_word' id='word_1_104' title='bbox 864 1658 940 1738; x_wconf 73' lang='lat' dir='ltr'>hac</span> <span class='ocrx_word' id='word_1_105' title='bbox 957 1668 1087 1754; x_wconf 85' lang='lat' dir='ltr'>verba,</span> <span class='ocrx_word' id='word_1_106' title='bbox 1103 1676 1142 1741; x_wconf 92' lang='lat' dir='ltr'>L.</span> <span class='ocrx_word' id='word_1_107' title='bbox 1160 1677 1233 1742; x_wconf 72' lang='lat' dir='ltr'>Cae-</span> 
     </span>
     <span class='ocr_line' id='line_1_14' title="bbox 169 1774 1234 1876; baseline 0.008 -33"><span class='ocrx_word' id='word_1_108' title='bbox 169 1808 187 1843; x_wconf 86' lang='lat'>«</span> <span class='ocrx_word' id='word_1_109' title='bbox 204 1779 278 1864; x_wconf 89' lang='lat' dir='ltr'>cili,</span> <span class='ocrx_word' id='word_1_110' title='bbox 288 1778 405 1871; x_wconf 87' lang='lat' dir='ltr'>jures,</span> <span class='ocrx_word' id='word_1_111' title='bbox 422 1776 585 1873; x_wconf 78' lang='lat' dir='ltr'>postule,</span> <span class='ocrx_word' id='word_1_112' title='bbox 601 1777 811 1873; x_wconf 70' lang='lat' dir='ltr'>caeterique,</span> <span class='ocrx_word' id='word_1_113' title='bbox 830 1779 893 1872; x_wconf 92' lang='lat' dir='ltr'>qui</span> <span class='ocrx_word' id='word_1_114' title='bbox 909 1774 1061 1848; x_wconf 72' lang='lat' dir='ltr'>ad&#39;estisz&#39;</span> <span class='ocrx_word' id='word_1_115' title='bbox 1077 1782 1234 1876; x_wconf 87' lang='lat' dir='ltr'>quinon</span> 
     </span>
     <span class='ocr_line' id='line_1_15' title="bbox 168 1886 1233 1984; baseline 0.003 -30"><span class='ocrx_word' id='word_1_116' title='bbox 168 1889 390 1983; x_wconf 79' lang='lat' dir='ltr'>«juraverit,</span> <span class='ocrx_word' id='word_1_117' title='bbox 410 1888 448 1957; x_wconf 92' lang='lat' dir='ltr'>in</span> <span class='ocrx_word' id='word_1_118' title='bbox 467 1912 504 1958; x_wconf 90' lang='lat' dir='ltr'>se</span> <span class='ocrx_word' id='word_1_119' title='bbox 522 1886 622 1957; x_wconf 90' lang='lat' dir='ltr'>hunc</span> <span class='ocrx_word' id='word_1_120' title='bbox 641 1887 799 1984; x_wconf 82' lang='lat' dir='ltr'>gladium</span> <span class='ocrx_word' id='word_1_121' title='bbox 818 1888 982 1961; x_wconf 85' lang='lat' dir='ltr'>strictum</span> <span class='ocrx_word' id='word_1_122' title='bbox 1004 1913 1081 1960; x_wconf 88' lang='lat' dir='ltr'>esse</span> <span class='ocrx_word' id='word_1_123' title='bbox 1103 1891 1233 1961; x_wconf 70' lang='lat' dir='ltr'>sciat.»</span> 
     </span>
     <span class='ocr_line' id='line_1_16' title="bbox 172 1997 1232 2094; baseline 0.004 -26"><span class='ocrx_word' id='word_1_124' title='bbox 172 1997 276 2068; x_wconf 86' lang='lat' dir='ltr'>Haud</span> <span class='ocrx_word' id='word_1_125' title='bbox 290 2022 392 2068; x_wconf 91' lang='lat' dir='ltr'>secus</span> <span class='ocrx_word' id='word_1_126' title='bbox 407 1997 543 2094; x_wconf 89' lang='lat' dir='ltr'>pavidi,</span> <span class='ocrx_word' id='word_1_127' title='bbox 553 2021 662 2093; x_wconf 89' lang='lat' dir='ltr'>quam</span> <span class='ocrx_word' id='word_1_128' title='bbox 676 1999 706 2066; x_wconf 91' lang='lat' dir='ltr'>si</span> <span class='ocrx_word' id='word_1_129' title='bbox 717 1998 889 2068; x_wconf 86' lang='lat' dir='ltr'>victorem</span> <span class='ocrx_word' id='word_1_130' title='bbox 903 1997 1142 2069; x_wconf 88' lang='lat' dir='ltr'>Hannibalem</span> <span class='ocrx_word' id='word_1_131' title='bbox 1157 2026 1232 2072; x_wconf 92' lang='lat' dir='ltr'>cer·</span> 
     </span>
     <span class='ocr_line' id='line_1_17' title="bbox 171 2107 1231 2208; baseline 0.007 -32"><span class='ocrx_word' id='word_1_132' title='bbox 171 2122 320 2192; x_wconf 83' lang='lat' dir='ltr'>nerent,</span> <span class='ocrx_word' id='word_1_133' title='bbox 337 2109 460 2203; x_wconf 85' lang='lat' dir='ltr'>jurant</span> <span class='ocrx_word' id='word_1_134' title='bbox 483 2132 630 2196; x_wconf 89' lang='lat' dir='ltr'>omues;</span> <span class='ocrx_word' id='word_1_135' title='bbox 648 2107 977 2205; x_wconf 89' lang='lat' dir='ltr'>custodiendosque</span> <span class='ocrx_word' id='word_1_136' title='bbox 998 2124 1111 2181; x_wconf 90' lang='lat' dir='ltr'>semet</span> <span class='ocrx_word' id='word_1_137' title='bbox 1133 2113 1231 2208; x_wconf 90' lang='lat' dir='ltr'>ipsos</span> 
     </span>
     <span class='ocr_line' id='line_1_18' title="bbox 170 2217 506 2315; baseline 0 -27"><span class='ocrx_word' id='word_1_138' title='bbox 170 2219 330 2315; x_wconf 88' lang='lat' dir='ltr'>Scipioni</span> <span class='ocrx_word' id='word_1_139' title='bbox 345 2217 506 2288; x_wconf 88' lang='lat' dir='ltr'>tradunt.</span> 
     </span>
    </p>
   </div>
   <div class='ocr_carea' id='block_1_3' title="bbox 170 2327 1232 2976">
    <p class='ocr_par' dir='ltr' id='par_1_4' title="bbox 170 2327 1232 2976">
     <span class='ocr_line' id='line_1_19' title="bbox 217 2327 1231 2426; baseline 0.002 -27"><span class='ocrx_word' id='word_1_140' title='bbox 217 2333 305 2400; x_wconf 88' lang='lat' dir='ltr'>LIV.</span> <span class='ocrx_word' id='word_1_141' title='bbox 323 2333 375 2399; x_wconf 85' lang='lat' dir='ltr'>Eo</span> <span class='ocrx_word' id='word_1_142' title='bbox 391 2342 574 2426; x_wconf 89' lang='lat' dir='ltr'>tempore,</span> <span class='ocrx_word' id='word_1_143' title='bbox 592 2353 667 2425; x_wconf 92' lang='lat' dir='ltr'>quo</span> <span class='ocrx_word' id='word_1_144' title='bbox 682 2327 758 2398; x_wconf 86' lang='lat' dir='ltr'>baec</span> <span class='ocrx_word' id='word_1_145' title='bbox 771 2329 917 2399; x_wconf 85' lang='lat' dir='ltr'>Canusii</span> <span class='ocrx_word' id='word_1_146' title='bbox 931 2327 1148 2425; x_wconf 81' lang='lat' dir='ltr'>agebantur,</span> <span class='ocrx_word' id='word_1_147' title='bbox 1162 2333 1231 2401; x_wconf 86' lang='lat' dir='ltr'>Ve-</span> 
     </span>
     <span class='ocr_line' id='line_1_20' title="bbox 171 2436 1232 2535; baseline 0.001 -27"><span class='ocrx_word' id='word_1_148' title='bbox 171 2440 309 2509; x_wconf 88' lang='lat' dir='ltr'>nusiam</span> <span class='ocrx_word' id='word_1_149' title='bbox 327 2436 372 2508; x_wconf 89' lang='lat' dir='ltr'>ad</span> <span class='ocrx_word' id='word_1_150' title='bbox 390 2439 577 2509; x_wconf 89' lang='lat' dir='ltr'>consulem</span> <span class='ocrx_word' id='word_1_151' title='bbox 596 2438 638 2508; x_wconf 84' lang='lat' dir='ltr'>ad</span> <span class='ocrx_word' id='word_1_152' title='bbox 656 2452 814 2535; x_wconf 87' lang='lat' dir='ltr'>quatuor</span> <span class='ocrx_word' id='word_1_153' title='bbox 830 2437 942 2507; x_wconf 86' lang='lat' dir='ltr'>millia</span> <span class='ocrx_word' id='word_1_154' title='bbox 955 2439 1118 2534; x_wconf 87' lang='lat' dir='ltr'>peditum</span> <span class='ocrx_word' id='word_1_155' title='bbox 1134 2439 1232 2535; x_wconf 92' lang='lat' dir='ltr'>equi·</span> 
     </span>
     <span class='ocr_line' id='line_1_21' title="bbox 170 2546 1230 2646; baseline 0.002 -28"><span class='ocrx_word' id='word_1_156' title='bbox 170 2563 340 2646; x_wconf 91' lang='lat' dir='ltr'>tumque,</span> <span class='ocrx_word' id='word_1_157' title='bbox 353 2551 416 2645; x_wconf 89' lang='lat' dir='ltr'>qui</span> <span class='ocrx_word' id='word_1_158' title='bbox 432 2551 543 2646; x_wconf 87' lang='lat' dir='ltr'>sparsi</span> <span class='ocrx_word' id='word_1_159' title='bbox 559 2546 643 2646; x_wconf 86' lang='lat' dir='ltr'>luga</span> <span class='ocrx_word' id='word_1_160' title='bbox 656 2573 721 2646; x_wconf 90' lang='lat' dir='ltr'>per</span> <span class='ocrx_word' id='word_1_161' title='bbox 732 2574 835 2646; x_wconf 85' lang='lat' dir='ltr'>agros</span> <span class='ocrx_word' id='word_1_162' title='bbox 850 2546 1008 2636; x_wconf 82' lang='lat' dir='ltr'>fueraut,</span> <span class='ocrx_word' id='word_1_163' title='bbox 1021 2573 1230 2646; x_wconf 86' lang='lat' dir='ltr'>pervenere.</span> 
     </span>
     <span class='ocr_line' id='line_1_22' title="bbox 170 2656 1231 2756; baseline 0.003 -28"><span class='ocrx_word' id='word_1_164' title='bbox 170 2661 240 2730; x_wconf 89' lang='lat' dir='ltr'>Eos</span> <span class='ocrx_word' id='word_1_165' title='bbox 257 2682 383 2730; x_wconf 90' lang='lat' dir='ltr'>omnes</span> <span class='ocrx_word' id='word_1_166' title='bbox 396 2659 570 2729; x_wconf 89' lang='lat' dir='ltr'>Venusini</span> <span class='ocrx_word' id='word_1_167' title='bbox 584 2683 650 2756; x_wconf 89' lang='lat' dir='ltr'>per</span> <span class='ocrx_word' id='word_1_168' title='bbox 664 2656 813 2729; x_wconf 85' lang='lat' dir='ltr'>familias</span> <span class='ocrx_word' id='word_1_169' title='bbox 829 2657 985 2755; x_wconf 88' lang='lat' dir='ltr'>benigne</span> <span class='ocrx_word' id='word_1_170' title='bbox 1003 2659 1231 2756; x_wconf 89' lang='lat' dir='ltr'>accipiendos</span> 
     </span>
     <span class='ocr_line' id='line_1_23' title="bbox 170 2766 1230 2865; baseline 0.004 -28"><span class='ocrx_word' id='word_1_171' title='bbox 170 2766 422 2864; x_wconf 86' lang='lat' dir='ltr'>curandosque</span> <span class='ocrx_word' id='word_1_172' title='bbox 437 2791 551 2864; x_wconf 92' lang='lat' dir='ltr'>quum</span> <span class='ocrx_word' id='word_1_173' title='bbox 566 2767 786 2857; x_wconf 87' lang='lat' dir='ltr'>divisissent,</span> <span class='ocrx_word' id='word_1_174' title='bbox 800 2771 837 2838; x_wconf 93' lang='lat' dir='ltr'>in</span> <span class='ocrx_word' id='word_1_175' title='bbox 853 2769 1013 2865; x_wconf 89' lang='lat' dir='ltr'>singulos</span> <span class='ocrx_word' id='word_1_176' title='bbox 1026 2771 1163 2864; x_wconf 85' lang='lat' dir='ltr'>equites</span> <span class='ocrx_word' id='word_1_177' title='bbox 1177 2783 1230 2841; x_wconf 90' lang='lat' dir='ltr'>to·</span> 
     </span>
     <span class='ocr_line' id='line_1_24' title="bbox 170 2878 1229 2976; baseline 0 -26"><span class='ocrx_word' id='word_1_178' title='bbox 170 2900 247 2972; x_wconf 86' lang='lat' dir='ltr'>gas,</span> <span class='ocrx_word' id='word_1_179' title='bbox 264 2892 300 2949; x_wconf 91' lang='lat' dir='ltr'>et</span> <span class='ocrx_word' id='word_1_180' title='bbox 320 2878 458 2949; x_wconf 89' lang='lat' dir='ltr'>tunicas</span> <span class='ocrx_word' id='word_1_181' title='bbox 470 2888 497 2966; x_wconf 89' lang='lat'>¹,</span> <span class='ocrx_word' id='word_1_182' title='bbox 510 2891 546 2948; x_wconf 91' lang='lat' dir='ltr'>et</span> <span class='ocrx_word' id='word_1_183' title='bbox 563 2879 793 2976; x_wconf 86' lang='lat' dir='ltr'>quadrigatos</span> <span class='ocrx_word' id='word_1_184' title='bbox 806 2903 975 2949; x_wconf 88' lang='lat' dir='ltr'>nummos</span> <span class='ocrx_word' id='word_1_185' title='bbox 992 2882 1125 2974; x_wconf 91' lang='lat' dir='ltr'>quinos</span> <span class='ocrx_word' id='word_1_186' title='bbox 1138 2880 1229 2950; x_wconf 87' lang='lat' dir='ltr'>vice·</span> 
     </span>
    </p>
   </div>
   <div class='ocr_carea' id='block_1_4' title="bbox 165 3065 1234 4162">
    <p class='ocr_par' dir='ltr' id='par_1_5' title="bbox 169 3065 1234 3209">
     <span class='ocr_line' id='line_1_25' title="bbox 205 3065 1232 3131; baseline 0.002 -19"><span class='ocrx_word' id='word_1_187' title='bbox 205 3065 230 3113; x_wconf 90' lang='grc'>6.</span> <span class='ocrx_word' id='word_1_188' title='bbox 250 3067 330 3127; x_wconf 82' lang='lat' dir='ltr'>Quam</span> <span class='ocrx_word' id='word_1_189' title='bbox 348 3066 390 3113; x_wconf 84' lang='lat' dir='ltr'>abi</span> <span class='ocrx_word' id='word_1_190' title='bbox 407 3081 438 3113; x_wconf 89' lang='lat' dir='ltr'>ea</span> <span class='ocrx_word' id='word_1_191' title='bbox 456 3065 607 3131; x_wconf 69' lang='lat' dir='ltr'>cogitanam,-</span> <span class='ocrx_word' id='word_1_192' title='bbox 622 3065 678 3114; x_wconf 84' lang='lat' dir='ltr'>vide</span> <span class='ocrx_word' id='word_1_193' title='bbox 719 3068 817 3126; x_wconf 73' lang='lat' dir='ltr'>iuvent,</span> <span class='ocrx_word' id='word_1_194' title='bbox 831 3077 923 3124; x_wconf 86' lang='lat' dir='ltr'>ament,</span> <span class='ocrx_word' id='word_1_195' title='bbox 935 3078 1015 3131; x_wconf 78' lang='lat' dir='ltr'>retego</span> <span class='ocrx_word' id='word_1_196' title='bbox 1026 3080 1114 3129; x_wconf 68' lang='lat' dir='ltr'>remp„</span> <span class='ocrx_word' id='word_1_197' title='bbox 1126 3075 1173 3112; x_wconf 84' lang='lat' dir='ltr'>etc.</span> <span class='ocrx_word' id='word_1_198' title='bbox 1184 3065 1232 3114; x_wconf 71' lang='lat' dir='ltr'>En,</span> 
     </span>
     <span class='ocr_line' id='line_1_26' title="bbox 169 3143 1234 3209; baseline 0.001 -17"><span class='ocrx_word' id='word_1_199' title='bbox 169 3143 310 3207; x_wconf 75' lang='lat' dir='ltr'>ad11‚29‚</span> <span class='ocrx_word' id='word_1_200' title='bbox 323 3161 348 3193; x_wconf 90' lang='lat' dir='ltr'>n.</span> <span class='ocrx_word' id='word_1_201' title='bbox 361 3145 387 3192; x_wconf 90' lang='lat'>6.</span> <span class='ocrx_word' id='word_1_202' title='bbox 760 3146 783 3192; x_wconf 80' lang='grc'>8.</span> <span class='ocrx_word' id='word_1_203' title='bbox 798 3145 825 3191; x_wconf 85' lang='lat' dir='ltr'>Si</span> <span class='ocrx_word' id='word_1_204' title='bbox 837 3144 997 3209; x_wconf 77' lang='lat' dir='ltr'>scimefallo,</span> <span class='ocrx_word' id='word_1_205' title='bbox 1014 3156 1039 3192; x_wconf 82' lang='lat' dir='ltr'>tu</span> <span class='ocrx_word' id='word_1_206' title='bbox 1057 3160 1107 3200; x_wconf 75' lang='lat' dir='ltr'>nae,</span> <span class='ocrx_word' id='word_1_207' title='bbox 1123 3155 1186 3204; x_wconf 76' lang='lat' dir='ltr'>ete,</span> <span class='ocrx_word' id='word_1_208' title='bbox 1200 3158 1234 3193; x_wconf 76' lang='lat' dir='ltr'>ex</span> 
     </span>
    </p>

    <p class='ocr_par' dir='ltr' id='par_1_6' title="bbox 165 3220 1231 4162">
     <span class='ocr_line' id='line_1_27' title="bbox 208 3220 1230 3288; baseline 0.002 -18"><span class='ocrx_word' id='word_1_209' title='bbox 208 3241 231 3285; x_wconf 87' lang='lat'>7.</span> <span class='ocrx_word' id='word_1_210' title='bbox 250 3220 292 3270; x_wconf 74' lang='lat' dir='ltr'>Ea</span> <span class='ocrx_word' id='word_1_211' title='bbox 310 3226 359 3272; x_wconf 83' lang='lat' dir='ltr'>mei</span> <span class='ocrx_word' id='word_1_212' title='bbox 376 3223 454 3272; x_wconf 80' lang='lat' dir='ltr'>animi</span> <span class='ocrx_word' id='word_1_213' title='bbox 473 3220 608 3280; x_wconf 78' lang='lat' dir='ltr'>sententia,</span> <span class='ocrx_word' id='word_1_214' title='bbox 626 3222 678 3270; x_wconf 83' lang='lat' dir='ltr'>eeil.</span> <span class='ocrx_word' id='word_1_215' title='bbox 724 3225 815 3280; x_wconf 71' lang='lat' dir='ltr'>aMss</span> <span class='ocrx_word' id='word_1_216' title='bbox 824 3224 918 3288; x_wconf 73' lang='lat' dir='ltr'>recepi,</span> <span class='ocrx_word' id='word_1_217' title='bbox 928 3223 1043 3270; x_wconf 82' lang='lat' dir='ltr'>suadente</span> <span class='ocrx_word' id='word_1_218' title='bbox 1053 3225 1106 3271; x_wconf 85' lang='lat' dir='ltr'>Jae.</span> <span class='ocrx_word' id='word_1_219' title='bbox 1118 3225 1230 3272; x_wconf 78' lang='lat' dir='ltr'>Gronov.</span> 
     </span>
     <span class='ocr_line' id='line_1_28' title="bbox 165 3301 1229 3368; baseline -0.001 -18"><span class='ocrx_word' id='word_1_220' title='bbox 165 3303 238 3367; x_wconf 83' lang='lat' dir='ltr'>juro,</span> <span class='ocrx_word' id='word_1_221' title='bbox 249 3304 317 3367; x_wconf 88' lang='lat' dir='ltr'>quod</span> <span class='ocrx_word' id='word_1_222' title='bbox 328 3305 355 3352; x_wconf 90' lang='lat' dir='ltr'>in</span> <span class='ocrx_word' id='word_1_223' title='bbox 368 3304 424 3351; x_wconf 85' lang='lat' dir='ltr'>edd.</span> <span class='ocrx_word' id='word_1_224' title='bbox 435 3308 509 3363; x_wconf 71' lang='lat' dir='ltr'>anit,</span> <span class='ocrx_word' id='word_1_225' title='bbox 521 3302 608 3349; x_wconf 88' lang='lat' dir='ltr'>nonin</span> <span class='ocrx_word' id='word_1_226' title='bbox 617 3303 679 3350; x_wconf 80' lang='lat' dir='ltr'>MSS</span> <span class='ocrx_word' id='word_1_227' title='bbox 724 3303 766 3368; x_wconf 85' lang='lat' dir='ltr'>qui</span> <span class='ocrx_word' id='word_1_228' title='bbox 778 3304 848 3350; x_wconf 84' lang='lat' dir='ltr'>etiam</span> <span class='ocrx_word' id='word_1_229' title='bbox 862 3305 888 3360; x_wconf 90' lang='lat'>1,</span> <span class='ocrx_word' id='word_1_230' title='bbox 902 3304 946 3360; x_wconf 78' lang='lat'>32,</span> <span class='ocrx_word' id='word_1_231' title='bbox 958 3319 989 3350; x_wconf 87' lang='lat' dir='ltr'>ex</span> <span class='ocrx_word' id='word_1_232' title='bbox 998 3305 1023 3360; x_wconf 90' lang='lat'>1,</span> <span class='ocrx_word' id='word_1_233' title='bbox 1036 3303 1082 3360; x_wconf 76' lang='lat'>25,</span> <span class='ocrx_word' id='word_1_234' title='bbox 1097 3303 1171 3360; x_wconf 77' lang='lat' dir='ltr'>m,</span> <span class='ocrx_word' id='word_1_235' title='bbox 1185 3301 1229 3364; x_wconf 70' lang='lat'>45,</span> 
     </span>
     <span class='ocr_line' id='line_1_29' title="bbox 171 3380 1230 3447; baseline 0.003 -20"><span class='ocrx_word' id='word_1_236' title='bbox 171 3380 246 3441; x_wconf 82' lang='lat' dir='ltr'>addi,</span> <span class='ocrx_word' id='word_1_237' title='bbox 266 3393 291 3430; x_wconf 87' lang='lat' dir='ltr'>et</span> <span class='ocrx_word' id='word_1_238' title='bbox 312 3384 340 3430; x_wconf 83' lang='lat' dir='ltr'>iu</span> <span class='ocrx_word' id='word_1_239' title='bbox 360 3383 471 3431; x_wconf 81' lang='lat' dir='ltr'>formulis</span> <span class='ocrx_word' id='word_1_240' title='bbox 492 3381 589 3443; x_wconf 85' lang='lat' dir='ltr'>jurandi</span> <span class='ocrx_word' id='word_1_241' title='bbox 613 3398 677 3447; x_wconf 81' lang='lat' dir='ltr'>eaepe</span> <span class='ocrx_word' id='word_1_242' title='bbox 722 3393 745 3430; x_wconf 81' lang='lat' dir='ltr'>et</span> <span class='ocrx_word' id='word_1_243' title='bbox 757 3383 811 3430; x_wconf 87' lang='lat' dir='ltr'>aliie</span> <span class='ocrx_word' id='word_1_244' title='bbox 820 3382 881 3429; x_wconf 86' lang='lat' dir='ltr'>locis</span> <span class='ocrx_word' id='word_1_245' title='bbox 891 3380 1068 3429; x_wconf 85' lang='lat' dir='ltr'>emendandum</span> <span class='ocrx_word' id='word_1_246' title='bbox 1078 3381 1187 3445; x_wconf 84' lang='lat' dir='ltr'>putabat.</span> <span class='ocrx_word' id='word_1_247' title='bbox 1199 3383 1230 3430; x_wconf 85' lang='lat' dir='ltr'>In</span> 
     </span>
     <span class='ocr_line' id='line_1_30' title="bbox 171 3459 1231 3529; baseline 0.004 -25"><span class='ocrx_word' id='word_1_248' title='bbox 171 3459 253 3506; x_wconf 87' lang='lat' dir='ltr'>omitti</span> <span class='ocrx_word' id='word_1_249' title='bbox 264 3460 336 3509; x_wconf 87' lang='lat' dir='ltr'>docet</span> <span class='ocrx_word' id='word_1_250' title='bbox 349 3464 426 3510; x_wconf 87' lang='lat' dir='ltr'>Gron.</span> <span class='ocrx_word' id='word_1_251' title='bbox 435 3462 508 3510; x_wconf 85' lang='lat' dir='ltr'>Obes.</span> <span class='ocrx_word' id='word_1_252' title='bbox 519 3463 565 3520; x_wconf 88' lang='lat' dir='ltr'>IV,</span> <span class='ocrx_word' id='word_1_253' title='bbox 576 3468 615 3516; x_wconf 73' lang='lat'>14.</span> <span class='ocrx_word' id='word_1_254' title='bbox 630 3460 678 3509; x_wconf 85' lang='lat' dir='ltr'>Sed</span> <span class='ocrx_word' id='word_1_255' title='bbox 721 3462 843 3526; x_wconf 76' lang='lat' dir='ltr'>plerisque</span> <span class='ocrx_word' id='word_1_256' title='bbox 858 3463 920 3510; x_wconf 82' lang='lat' dir='ltr'>MSS</span> <span class='ocrx_word' id='word_1_257' title='bbox 936 3472 985 3508; x_wconf 85' lang='lat' dir='ltr'>tum</span> <span class='ocrx_word' id='word_1_258' title='bbox 1002 3471 1026 3508; x_wconf 87' lang='lat' dir='ltr'>et</span> <span class='ocrx_word' id='word_1_259' title='bbox 1044 3459 1146 3529; x_wconf 78' lang='lat' dir='ltr'>afficiat.</span> <span class='ocrx_word' id='word_1_260' title='bbox 1164 3460 1231 3508; x_wconf 73' lang='lat' dir='ltr'>Neu-</span> 
     </span>
     <span class='ocr_line' id='line_1_31' title="bbox 171 3537 1230 3610; baseline 0.002 -26"><span class='ocrx_word' id='word_1_261' title='bbox 171 3539 205 3585; x_wconf 85' lang='lat' dir='ltr'>ita</span> <span class='ocrx_word' id='word_1_262' title='bbox 218 3537 330 3603; x_wconf 85' lang='lat' dir='ltr'>displicet</span> <span class='ocrx_word' id='word_1_263' title='bbox 343 3543 370 3593; x_wconf 72' lang='grc' dir='ltr'>τὸ</span> <span class='ocrx_word' id='word_1_264' title='bbox 385 3554 413 3591; x_wconf 82' lang='lat' dir='ltr'>ut</span> <span class='ocrx_word' id='word_1_265' title='bbox 423 3554 480 3608; x_wconf 84' lang='lat' dir='ltr'>post</span> <span class='ocrx_word' id='word_1_266' title='bbox 490 3543 562 3610; x_wconf 82' lang='lat' dir='ltr'>juro,</span> <span class='ocrx_word' id='word_1_267' title='bbox 578 3555 603 3591; x_wconf 84' lang='lat' dir='ltr'>et</span> <span class='ocrx_word' id='word_1_268' title='bbox 615 3544 678 3591; x_wconf 83' lang='lat' dir='ltr'>forte</span> <span class='ocrx_word' id='word_1_269' title='bbox 721 3552 786 3589; x_wconf 73' lang='lat' dir='ltr'>uum</span> <span class='ocrx_word' id='word_1_270' title='bbox 795 3542 917 3606; x_wconf 86' lang='lat' dir='ltr'>improbat</span> <span class='ocrx_word' id='word_1_271' title='bbox 928 3539 1155 3596; x_wconf 68' lang='lat' dir='ltr'>Drakenborehium</span> <span class='ocrx_word' id='word_1_272' title='bbox 1169 3538 1230 3586; x_wconf 83' lang='lat' dir='ltr'>illud</span> 
     </span>
     <span class='ocr_line' id='line_1_32' title="bbox 172 3616 1229 3680; baseline 0.001 -16"><span class='ocrx_word' id='word_1_273' title='bbox 172 3616 311 3666; x_wconf 86' lang='lat' dir='ltr'>delendum.</span> <span class='ocrx_word' id='word_1_274' title='bbox 327 3620 399 3669; x_wconf 70' lang='lat' dir='ltr'>(Ioni.</span> <span class='ocrx_word' id='word_1_275' title='bbox 413 3623 508 3680; x_wconf 70' lang='lat' dir='ltr'>xum,</span> <span class='ocrx_word' id='word_1_276' title='bbox 526 3622 556 3670; x_wconf 77' lang='lat'>15</span> <span class='ocrx_word' id='word_1_277' title='bbox 569 3632 631 3672; x_wconf 83' lang='lat' dir='ltr'>extr.</span> <span class='ocrx_word' id='word_1_278' title='bbox 644 3649 679 3659; x_wconf 90' lang='lat'>—</span> <span class='ocrx_word' id='word_1_279' title='bbox 723 3637 782 3668; x_wconf 87' lang='lat' dir='ltr'>vero</span> <span class='ocrx_word' id='word_1_280' title='bbox 793 3633 843 3668; x_wconf 72' lang='lat' dir='ltr'>tram</span> <span class='ocrx_word' id='word_1_281' title='bbox 856 3620 990 3669; x_wconf 83' lang='lat' dir='ltr'>defenduut</span> <span class='ocrx_word' id='word_1_282' title='bbox 1001 3621 1093 3668; x_wconf 83' lang='lat' dir='ltr'>Duker.</span> <span class='ocrx_word' id='word_1_283' title='bbox 1103 3617 1134 3666; x_wconf 82' lang='lat' dir='ltr'>ad</span> <span class='ocrx_word' id='word_1_284' title='bbox 1145 3620 1170 3678; x_wconf 87' lang='lat'>1,</span> <span class='ocrx_word' id='word_1_285' title='bbox 1181 3624 1229 3678; x_wconf 59' lang='lat' dir='ltr'>aa,</span> 
     </span>
     <span class='ocr_line' id='line_1_33' title="bbox 172 3694 1129 3762; baseline 0 -18"><span class='ocrx_word' id='word_1_286' title='bbox 172 3694 326 3745; x_wconf 82' lang='lat' dir='ltr'>Vocabulum</span> <span class='ocrx_word' id='word_1_287' title='bbox 336 3710 364 3745; x_wconf 83' lang='lat' dir='ltr'>ue</span> <span class='ocrx_word' id='word_1_288' title='bbox 371 3699 480 3748; x_wconf 84' lang='lat' dir='ltr'>defendit</span> <span class='ocrx_word' id='word_1_289' title='bbox 489 3702 627 3759; x_wconf 75' lang='lat' dir='ltr'>creverim,</span> <span class='ocrx_word' id='word_1_290' title='bbox 637 3717 680 3748; x_wconf 92' lang='lat' dir='ltr'>no·</span> <span class='ocrx_word' id='word_1_291' title='bbox 724 3701 753 3756; x_wconf 82' lang='lat'>8,</span> <span class='ocrx_word' id='word_1_292' title='bbox 765 3711 789 3748; x_wconf 87' lang='lat' dir='ltr'>et</span> <span class='ocrx_word' id='word_1_293' title='bbox 799 3699 903 3750; x_wconf 81' lang='lat' dir='ltr'>Fabrett.</span> <span class='ocrx_word' id='word_1_294' title='bbox 913 3700 939 3747; x_wconf 88' lang='lat' dir='ltr'>in</span> <span class='ocrx_word' id='word_1_295' title='bbox 948 3702 1025 3748; x_wconf 82' lang='lat' dir='ltr'>laser.</span> <span class='ocrx_word' id='word_1_296' title='bbox 1035 3715 1060 3762; x_wconf 88' lang='lat' dir='ltr'>p.</span> <span class='ocrx_word' id='word_1_297' title='bbox 1068 3698 1129 3756; x_wconf 67' lang='lat'><strong>674.</strong></span> 
     </span>
     <span class='ocr_line' id='line_1_34' title="bbox 172 3775 1230 3844; baseline 0 -20"><span class='ocrx_word' id='word_1_298' title='bbox 172 3785 255 3840; x_wconf 78' lang='lat' dir='ltr'>tatque</span> <span class='ocrx_word' id='word_1_299' title='bbox 278 3777 341 3825; x_wconf 87' lang='lat' dir='ltr'>haue</span> <span class='ocrx_word' id='word_1_300' title='bbox 363 3777 490 3826; x_wconf 81' lang='lat' dir='ltr'>formulam</span> <span class='ocrx_word' id='word_1_301' title='bbox 506 3781 680 3842; x_wconf 71' lang='lat' dir='ltr'>iurisiurandi,</span> <span class='ocrx_word' id='word_1_302' title='bbox 758 3794 782 3840; x_wconf 90' lang='lat'>9.</span> <span class='ocrx_word' id='word_1_303' title='bbox 796 3781 902 3844; x_wconf 84' lang='lat' dir='ltr'>Ilemque</span> <span class='ocrx_word' id='word_1_304' title='bbox 915 3794 994 3826; x_wconf 84' lang='lat' dir='ltr'>meam</span> <span class='ocrx_word' id='word_1_305' title='bbox 1005 3777 1145 3824; x_wconf 79' lang='lat' dir='ltr'>lamtberem</span> <span class='ocrx_word' id='word_1_306' title='bbox 1155 3775 1230 3840; x_wconf 77' lang='lat' dir='ltr'>pessi·</span> 
     </span>
     <span class='ocr_line' id='line_1_35' title="bbox 172 3855 1229 3929; baseline -0.001 -27"><span class='ocrx_word' id='word_1_307' title='bbox 172 3856 236 3903; x_wconf 81' lang='lat' dir='ltr'>sieut</span> <span class='ocrx_word' id='word_1_308' title='bbox 253 3859 334 3905; x_wconf 82' lang='lat' dir='ltr'>evenit</span> <span class='ocrx_word' id='word_1_309' title='bbox 352 3858 402 3905; x_wconf 83' lang='lat' dir='ltr'>fere</span> <span class='ocrx_word' id='word_1_310' title='bbox 415 3873 509 3922; x_wconf 82' lang='lat' dir='ltr'>semper</span> <span class='ocrx_word' id='word_1_311' title='bbox 520 3859 546 3906; x_wconf 84' lang='lat' dir='ltr'>in</span> <span class='ocrx_word' id='word_1_312' title='bbox 560 3859 608 3906; x_wconf 85' lang='lat' dir='ltr'>illie</span> <span class='ocrx_word' id='word_1_313' title='bbox 624 3875 680 3924; x_wconf 87' lang='lat' dir='ltr'>per-</span> <span class='ocrx_word' id='word_1_314' title='bbox 724 3875 763 3906; x_wconf 89' lang='lat' dir='ltr'>mo</span> <span class='ocrx_word' id='word_1_315' title='bbox 775 3859 822 3906; x_wconf 82' lang='lat' dir='ltr'>leto</span> <span class='ocrx_word' id='word_1_316' title='bbox 835 3857 942 3929; x_wconf 71' lang='lat' dir='ltr'>afficiat,</span> <span class='ocrx_word' id='word_1_317' title='bbox 954 3858 1066 3916; x_wconf 79' lang='lat' dir='ltr'>interitu,</span> <span class='ocrx_word' id='word_1_318' title='bbox 1075 3867 1102 3905; x_wconf 87' lang='lat' dir='ltr'>ut</span> <span class='ocrx_word' id='word_1_319' title='bbox 1115 3855 1229 3921; x_wconf 78' lang='lat' dir='ltr'>apVirg.</span> 
     </span>
     <span class='ocr_line' id='line_1_36' title="bbox 167 3934 892 4004; baseline 0.008 -24"><span class='ocrx_word' id='word_1_320' title='bbox 167 3934 263 3997; x_wconf 65' lang='lat' dir='ltr'>vulgati</span> <span class='ocrx_word' id='word_1_321' title='bbox 278 3953 334 3985; x_wconf 79' lang='lat' dir='ltr'>usus</span> <span class='ocrx_word' id='word_1_322' title='bbox 348 3936 475 3996; x_wconf 82' lang='lat' dir='ltr'>formulis,</span> <span class='ocrx_word' id='word_1_323' title='bbox 490 3938 606 3986; x_wconf 83' lang='lat' dir='ltr'>nonnulla</span> <span class='ocrx_word' id='word_1_324' title='bbox 621 3955 679 4004; x_wconf 86' lang='lat' dir='ltr'>sup·</span> <span class='ocrx_word' id='word_1_325' title='bbox 722 3938 817 3995; x_wconf 82' lang='lat' dir='ltr'>AEn.V‚</span> <span class='ocrx_word' id='word_1_326' title='bbox 832 3939 892 4000; x_wconf 87' lang='lat'><strong>690.</strong></span> 
     </span>
     <span class='ocr_line' id='line_1_37' title="bbox 173 4013 1231 4082; baseline 0.003 -22"><span class='ocrx_word' id='word_1_327' title='bbox 173 4013 263 4076; x_wconf 83' lang='lat' dir='ltr'>plenda</span> <span class='ocrx_word' id='word_1_328' title='bbox 268 4017 412 4080; x_wconf 83' lang='lat' dir='ltr'>relinquere.</span> <span class='ocrx_word' id='word_1_329' title='bbox 419 4016 460 4064; x_wconf 81' lang='lat' dir='ltr'>Sic</span> <span class='ocrx_word' id='word_1_330' title='bbox 465 4016 545 4064; x_wconf 84' lang='lat' dir='ltr'>locum</span> <span class='ocrx_word' id='word_1_331' title='bbox 553 4019 678 4082; x_wconf 85' lang='lat' dir='ltr'>explanat:</span> <span class='ocrx_word' id='word_1_332' title='bbox 759 4019 819 4068; x_wconf 75' lang='lat' dir='ltr'>Car.</span> <span class='ocrx_word' id='word_1_333' title='bbox 829 4019 892 4064; x_wconf 88' lang='lat' dir='ltr'>LIV.</span> <span class='ocrx_word' id='word_1_334' title='bbox 906 4034 926 4064; x_wconf 84' lang='lat' dir='ltr'>r.</span> <span class='ocrx_word' id='word_1_335' title='bbox 936 4019 1014 4081; x_wconf 78' lang='lat' dir='ltr'>Togae</span> <span class='ocrx_word' id='word_1_336' title='bbox 1024 4026 1049 4063; x_wconf 79' lang='lat' dir='ltr'>et</span> <span class='ocrx_word' id='word_1_337' title='bbox 1057 4027 1107 4064; x_wconf 82' lang='lat' dir='ltr'>tun.</span> <span class='ocrx_word' id='word_1_338' title='bbox 1118 4016 1197 4074; x_wconf 84' lang='lat' dir='ltr'>Hine,</span> <span class='ocrx_word' id='word_1_339' title='bbox 1206 4023 1231 4063; x_wconf 85' lang='lat' dir='ltr'>et</span> 
     </span>
     <span class='ocr_line' id='line_1_38' title="bbox 174 4092 1226 4162; baseline 0.003 -23"><span class='ocrx_word' id='word_1_340' title='bbox 174 4092 238 4140; x_wconf 86' lang='lat' dir='ltr'>Vere</span> <span class='ocrx_word' id='word_1_341' title='bbox 253 4106 322 4144; x_wconf 81' lang='lat' dir='ltr'>etex</span> <span class='ocrx_word' id='word_1_342' title='bbox 332 4095 576 4162; x_wconf 77' lang='lat' dir='ltr'>animopreoor,ita</span> <span class='ocrx_word' id='word_1_343' title='bbox 589 4097 681 4147; x_wconf 81' lang='lat' dir='ltr'>medii</span> <span class='ocrx_word' id='word_1_344' title='bbox 725 4115 757 4148; x_wconf 81' lang='lat' dir='ltr'>ex</span> <span class='ocrx_word' id='word_1_345' title='bbox 775 4097 828 4147; x_wconf 76' lang='lat' dir='ltr'>aliis</span> <span class='ocrx_word' id='word_1_346' title='bbox 842 4097 906 4146; x_wconf 80' lang='lat' dir='ltr'>Livii</span> <span class='ocrx_word' id='word_1_347' title='bbox 921 4095 983 4146; x_wconf 85' lang='lat' dir='ltr'>loeis</span> <span class='ocrx_word' id='word_1_348' title='bbox 998 4095 1128 4152; x_wconf 58' lang='lat' dir='ltr'>mm</span> <span class='ocrx_word' id='word_1_349' title='bbox 1145 4105 1169 4142; x_wconf 82' lang='lat' dir='ltr'>et</span> <span class='ocrx_word' id='word_1_350' title='bbox 1182 4094 1226 4154; x_wconf 77' lang='lat'>36,</span> 
     </span>
    </p>
   </div>
   <div class='ocr_carea' id='block_1_5' title="bbox 1048 4177 1106 4250">
    <p class='ocr_par' dir='ltr' id='par_1_7' title="bbox 1048 4177 1106 4250">
     <span class='ocr_line' id='line_1_39' title="bbox 1048 4177 1106 4250; baseline 0 0"><span class='ocrx_word' id='word_1_351' title='bbox 1048 4177 1106 4250; x_wconf 83' lang='lat'>16.</span> 
     </span>
    </p>
   </div>
   <div class='ocr_carea' id='block_1_6' title="bbox 0 0 1396 4568">
    <p class='ocr_par' dir='ltr' id='par_1_8' title="bbox 0 0 1396 4568">
     <span class='ocr_line' id='line_1_40' title="bbox 0 0 1396 4568; baseline 0 0"><span class='ocrx_word' id='word_1_352' title='bbox 0 0 1396 4568; x_wconf 95' lang='lat' dir='ltr'> </span> 
     </span>
    </p>
   </div>
  </div>
 </body>
</html>
