2782 4568
155 294 224 393 376
574 295 613 360 r.
646 293 786 361 alvu
1064 268 1132 371 izi:
1149 270 1199 385 3331

154 445 218 490 arx
238 416 366 515 procul
380 416 443 501 iis,
464 438 544 510 quar
563 411 830 485 habitabantur.
855 416 924 482 Sex
944 406 1079 481 millia³
1095 409 1224 482 aberat

154 526 200 597 ab
219 523 310 596 urbe
327 522 452 594 nobile
467 520 641 620 templum
658 522 753 618 (ipsa
766 519 856 592 urbe
876 535 951 592 erat
966 518 1141 614 nobilius)
1156 527 1223 592 La·
1318 570 1320 577 «

153 635 256 707 ciniae
272 633 443 719 Iunonis,
461 646 624 702 sanctum
639 629 808 701 omnibus
822 631 915 700 circa
929 628 1086 729 populis.
1101 635 1223 702 Lucus

155 744 228 831 ibi,
247 741 431 839 frequenti
453 742 549 837 sylva
573 757 608 810 et
624 741 785 838 proceris
806 738 931 809 abietis
956 737 1149 809 arboribus
1167 764 1223 812 se·

154 869 258 952 ptus,
278 851 356 922 loeta
370 853 408 921 in
422 851 542 921 medio
559 874 690 947 pascua
708 849 851 937 habuit,
870 846 936 918 ubi
949 850 1066 919 omnis
1080 852 1226 948 generis

156 987 298 1034 sacrum
313 961 391 1033 deae.
401 960 614 1060 pascebatur
634 984 743 1058 pecus
760 961 837 1032 sine
851 959 927 1030 ullo
941 975 1106 1058 pastore3
1120 985 1223 1059 sepa·

155 1074 335 1169 ratimque
347 1073 479 1170 egressi
492 1071 670 1168 cujusque
684 1071 824 1168 generis
834 1093 960 1168 greges
969 1085 1077 1142 nocte
1089 1095 1224 1143 remea

156 1183 247 1255 bant
255 1182 301 1254 ad
313 1181 466 1269 stabula,
476 1205 666 1279 nunquam
678 1180 815 1252 insidiis
825 1178 996 1268 ferarum,
1007 1205 1082 1254 non
1095 1180 1225 1254 fraude

158 1293 282 1364 violati
304 1292 506 1362 homiuum.
531 1294 653 1387 Magni
668 1292 782 1388 igitur
805 1289 943 1362 fructus
962 1317 1069 1364 exeo
1091 1317 1226 1390 pecore

161 1407 278 1502 capti,
297 1405 539 1499 columnaque
560 1401 645 1473 inde
665 1427 773 1474 aurea
795 1401 909 1472 solida
927 1401 1018 1472 facta
1035 1417 1072 1473 et
1091 1415 1227 1473 sacrata

160 1531 236 1586 est:
257 1514 507 1612 inclytumque
531 1512 726 1610 templum,
750 1512 881 1583 divitiis
899 1514 1030 1600 etiam,
1048 1537 1126 1583 non
1146 1527 1227 1583 tan·

163 1641 240 1695 tum
257 1625 461 1711 sanctitate,
479 1621 558 1694 fuit.
579 1629 630 1694 Ac
641 1621 812 1695 miracula
824 1622 945 1718 aliqua
958 1619 1172 1719 affinguntl,
1185 1636 1229 1692 ut

161 1736 379 1833 plerumque
400 1748 471 1804 tam
487 1731 690 1832 insignibus
706 1733 805 1805 locis.
823 1739 930 1804 Fama
945 1746 1018 1820 est,
1033 1755 1132 1802 aram
1151 1756 1228 1804 esse

161 1847 200 1914 iu
220 1842 402 1915 vestibulo
429 1842 556 1940 templi
572 1840 599 1932 5,
622 1845 723 1939 cujus
744 1845 903 1916 cinerem
924 1842 1044 1914 nullus
1064 1865 1230 1941 unquam

163 2066 209 2116 aa,
223 2073 247 2103 n.
260 2053 287 2121 2)
300 2055 388 2102 aberat
399 2056 431 2102 ab
444 2057 501 2103 urbe
513 2057 620 2105 Crotone
631 2072 675 2103 no·
720 2057 874 2113 πεντήκοντα,
893 2056 935 2108 καὶ
953 2056 970 2107 ά
985 2049 1114 2120 σταδίοις,
1132 2055 1173 2103 vel
1189 2053 1231 2102 tt-

164 2135 210 2184 biIe
218 2136 344 2199 templum,
357 2134 410 2198 ipsa
417 2135 474 2181 urbe
480 2134 592 2193 nobilius,
600 2136 675 2198 vulgo
720 2138 786 2184 vium
795 2138 886 2185 XVIII
894 2135 972 2183 millia
980 2135 1118 2198 scripsisse,
1126 2133 1232 2182 ruthae

163 2215 267 2279 legitur,
285 2226 309 2262 et
329 2225 393 2261 recte
411 2214 491 2262 forsan
510 2214 612 2262 nobile:
633 2213 676 2261 sed
719 2217 752 2264 ita
763 2233 815 2265 esse
824 2213 1025 2273 cottonianum
1032 2213 1074 2260 ille
1082 2213 1232 2261 maritimum

165 2311 250 2341 omnes
267 2293 330 2340 MSS
349 2293 449 2340 verbum
468 2304 522 2340 erat
540 2305 597 2359 post
616 2294 674 2339 arbe
720 2297 778 2354 iter,
788 2294 855 2358 quod
868 2293 1040 2342 eirermrvectio
1055 2293 1169 2340 redderet
1181 2292 1233 2340 lon·

165 2373 292 2432 adjicIunt.
304 2374 341 2418 De
354 2372 441 2435 templo
455 2372 563 2419 Laciniae
572 2370 675 2418 Iunonis
720 2375 786 2436 gius,
794 2373 835 2420 hic
845 2383 957 2420 terrestre
967 2372 1232 2435 desIgnaverit.-Lu·

165 2452 193 2498 in
200 2451 303 2498 Bruttiis
312 2461 336 2498 et
345 2451 454 2508 Lacinio,
463 2450 489 2496 in
499 2466 549 2513 quo
558 2451 613 2508 luit,
621 2465 677 2513 pro·
720 2469 761 2499 eus
769 2452 828 2499 silva
837 2463 872 2498 et.
880 2450 991 2499 ..abietis
998 2450 1126 2498 arboribus
1136 2461 1233 2514 septus:

167 2540 244 2576 mont.
256 2528 325 2593 (hod.
335 2529 402 2591 Capu
412 2529 473 2575 delle
482 2529 600 2584 Colobae,
610 2528 676 2591 quod
720 2531 801 2594 itaque
820 2531 889 2578 lucus
908 2531 939 2577 ab
958 2529 998 2577 his
1019 2529 1192 2594 distinguitur,
1210 2539 1234 2576 et

167 2623 180 2652 a
193 2606 312 2654 columnis
323 2607 407 2669 templi
418 2607 588 2670 superstitibus
599 2608 634 2654 sio
644 2607 678 2653 di·
720 2609 818 2657 videtur
828 2609 928 2673 proprie
941 2625 991 2656 esse
1003 2607 1045 2655 illa
1056 2623 1126 2672 pars,
1139 2623 1195 2672 quae
1208 2608 1235 2655 in

168 2695 234 2732 ctum
242 2683 366 2749 putatur),
377 2685 512 2749 tegulisque
521 2685 606 2749 templi
615 2701 677 2733 mar·
722 2688 803 2735 medio
817 2689 884 2735 silvae
899 2698 923 2735 et
936 2687 1035 2734 aliarum
1050 2687 1180 2745 arborum,
1192 2687 1235 2734 iis·

169 2762 270 2819 moreis,
280 2762 311 2809 ef.
325 2774 414 2825 praeter
425 2779 492 2826 sqq,
502 2764 544 2810 inf.
552 2762 677 2820 XXVIII,
722 2783 769 2829 que
780 2766 928 2814 circumdata
941 2776 1004 2823 erat;
1013 2766 1079 2813 nuk.
1088 2765 1184 2814 abietis
1194 2781 1235 2812 ar-

171 2843 204 2896 46
215 2850 264 2887 ext.
274 2843 359 2897 XLII,
370 2842 383 2887 3
394 2858 432 2904 pr.
442 2841 567 2902 (salival.
574 2843 643 2888 Max.
653 2843 677 2899 Ι,
723 2846 827 2903 boribus,
837 2856 863 2894 ut
873 2849 898 2905 I,
907 2853 954 2902 24,
963 2860 1026 2891 saxo
1037 2844 1104 2892 silice
1108 2855 1152 2904 ,et
1159 2844 1236 2892 barba

172 2935 200 2978 1,
215 2935 264 2978 so,
280 2929 305 2966 et
318 2920 428 2966 Lactant.
442 2921 502 2966 Inst.
516 2922 555 2976 II,
569 2936 597 2979 7,
615 2919 679 2981 15);
721 2925 857 2988 gravatam
874 2936 898 2972 et
911 2923 978 2988 apud
991 2926 1092 2972 Sueton.
1108 2925 1174 2987 Aug.
1188 2931 1236 2986 94,

171 2998 287 3047 strabae
298 2997 362 3045 Pliu.
374 2997 415 3055 ΙΙ,
430 3001 516 3062 Intpp.
525 2999 613 3061 virgil.
625 2999 679 3044 AEn.
724 3004 799 3049 arbor
806 3004 913 3065 palmcr5
924 3005 982 3050 Em.
998 3030 1033 3039 -
1050 3003 1236 3067 Separatimqut

131 3141 134 3146 .
170 3075 378 3136 111,552;0vid.
387 3076 448 3123 Met.
459 3076 680 3140 XV,rasq.;Cic.
725 3081 1013 3145 egressi...greges.N0n
1027 3081 1103 3129 modo
1118 3085 1236 3139 Putaram,

85 3152 91 3160 ’
170 3158 201 3205 de
218 3155 277 3203 niv.
291 3157 318 3213 Ι,
335 3162 381 3214 24,
400 3166 424 3202 et
442 3155 472 3202 de
486 3159 582 3204 Invent.
600 3157 636 3213 II,
654 3170 681 3211 1,
724 3158 768 3206 sed
787 3170 812 3206 et
832 3174 916 3206 omnes
935 3160 1014 3206 nostri
1034 3159 1133 3206 codices
1153 3170 1237 3207 carent

171 3254 185 3284 2
205 3231 264 3297 (ubi
278 3233 372 3280 Zeuxin
386 3233 537 3282 conductum
551 3234 640 3292 tradit,
654 3243 682 3280 ut
724 3254 785 3285 voce
794 3254 887 3303 greges.
897 3242 998 3286 Putean.
1009 3253 1068 3284 vero
1077 3237 1153 3286 habet
1164 3239 1236 3287 etiam

172 3313 289 3375 templum
301 3312 403 3374 picturis
416 3311 571 3377 exomaret);
590 3313 680 3360 lustin.
725 3317 830 3380 egressui
835 3335 845 3374 ,·
864 3317 928 3364 unde
946 3316 1086 3364 Gronovius
1105 3316 1237 3380 legendnm

172 3391 237 3449 XX,
251 3397 279 3448 4;
292 3391 373 3452 Heyn.
385 3390 477 3454 Opust.
491 3391 558 3442 acad.
573 3402 632 3439 tom.
642 3393 680 3448 11,
723 3405 804 3459 putat,
818 3395 973 3459 separatique
990 3410 1074 3458 greges
1090 3394 1130 3442 sui
1146 3396 1238 3460 quique

171 3484 229 3531 pag.
244 3468 377 3528 174-1863
394 3469 485 3517 Athen.
501 3473 567 3530 XII,
582 3471 628 3528 583
641 3472 680 3517 Ja·
722 3474 837 3537 generis:
849 3489 935 3537 parum
947 3473 1056 3520 interest.
1070 3473 1116 3520 En.

151 3600 152 3603 Ἴ
172 3547 233 3594 cohs
247 3546 278 3594 ad
293 3546 395 3594 Authol.
409 3563 445 3610 gr.
457 3559 517 3597 tom.
532 3552 557 3607 1,
571 3550 634 3613 pl,
654 3564 679 3611 p.
761 3561 785 3607 4.
802 3554 840 3599 Aa
856 3552 975 3599 miracula
995 3552 1081 3614 aliqua
1097 3549 1238 3619 affingant,

174 3627 237 3684 4133
250 3626 340 3688 quique
350 3626 435 3673 ruinas
450 3627 535 3691 templi
552 3626 681 3690 descripsit
726 3641 752 3677 ut
760 3630 904 3694 plerumque
917 3642 934 3677 t.
952 3629 968 3676 i.
983 3630 1001 3677 t.
1018 3644 1065 3693 pro
1079 3631 1146 3694 vulg.
1163 3631 1239 3700 affin·

172 3702 283 3751 Riedesel
295 3704 323 3750 in
335 3702 420 3751 Itiner.
433 3721 477 3768 per
489 3706 604 3770 Magnam
615 3706 682 3752 Grae·
723 3720 815 3772 gamm
818 3710 962 3772 plerumque
972 3708 1086 3757 substitui
1098 3726 1131 3756 ex
1141 3711 1240 3759 emend.

174 3780 236 3827 eiam
247 3793 272 3829 et
286 3782 352 3830 sicil.
365 3793 425 3831 tom.
435 3786 474 3842 II,
488 3802 513 3849 p.
527 3800 572 3846 191
585 3803 621 3849 sq.
634 3786 682 3833 Sed
726 3786 836 3835 Freinsh.
853 3799 877 3834 et
894 3790 947 3835 Iac.
963 3791 1055 3846 Gron.,
1068 3788 1112 3851 qni
1125 3789 1202 3837 etiam
1214 3791 1242 3839 in

174 3874 221 3920 pro
230 3876 273 3908 sex
283 3861 386 3909 millibus
397 3879 523 3927 passuum,
535 3865 586 3913 sive
596 3867 628 3921 48
638 3875 693 3912 sta·¹
727 3865 828 3912 dubium
841 3866 916 3914 traxit
928 3866 1002 3914 verba
1013 3883 1080 3930 seqq.
1096 3869 1179 3916 Fama
1197 3882 1243 3920 est.

166 3934 338 3995 *dIIs,Strabo
357 3941 431 3990 habet
452 3944 492 3992 CL
511 3943 595 3991 stadia.
619 3945 682 3992 Hinc
727 3944 798 3994 Conf.
812 3945 844 3991 ad
856 3949 895 4004 II,
910 3962 933 4006 7,
945 3961 1003 3993 n.1.
1087 3953 1098 3962 “

177 4014 286 4064 Gronov.
303 4020 481 4083 suspicabatur,
500 4023 642 4070 Strabonem
659 4024 681 4072 ἐν
764 4024 787 4070 5.
805 4025 884 4073 Aram
900 4041 949 4072 esse
964 4025 988 4072 in
1004 4035 1065 4073 vest.
1080 4026 1178 4090 templi,
1194 4041 1245 4092 etc,
