2782 4568
398 310 464 376 un
488 307 972 377 ratus-rruanrrun.
1144 304 1213 402 487
1246 291 1247 294 ‘

159 435 291 495 Constat
306 430 401 494 etiarn
417 451 436 492 a
450 427 547 494 Gallis
563 426 845 517 Circumpadanis,
862 450 945 514 quos
957 427 1110 491 emissarii
1128 429 1217 492 Han·

159 533 271 597 nibalis
283 533 316 595 in
331 553 404 594 suas
421 545 527 618 partes
542 526 720 611 traxerant,
734 529 860 603 venisse
875 529 910 591 in
924 529 1043 617 punica
1061 545 1161 592 castra
1175 530 1218 593 le·

159 651 265 724 gatos,
281 632 399 720 quibus
418 645 552 718 praeerat
571 631 701 720 regulus
722 630 894 712 Boiorum,
909 629 1042 693 nomine
1061 630 1218 719 Magilus,

97 747 100 753 '
159 735 245 825 apud
265 735 390 798 Livium
404 733 463 797 lib.
478 732 531 796 cit.
545 740 614 819 cap.
632 730 689 812 25,
708 731 867 819 Magalus.
887 731 953 813 Qui
965 745 1041 819 post
1052 730 1219 809 trajectum

157 838 221 918 jam
229 836 425 900 Rhodanum
433 833 672 921 superveniens,
683 832 896 896 Hannibalern
907 832 1219 922 incertum,sutrum

96 962 101 973 ·
159 971 171 994 «
181 941 215 1002 in
227 938 352 1002 Italiam
363 951 506 1023 coeptum
521 934 705 997 intenderet
720 934 799 1015 iter,
816 956 858 996 an
870 956 945 997 cum
960 955 1015 1014 eo,
1026 931 1084 1019 qui
1096 933 1219 1022 primns

160 1061 216 1102 use
230 1036 400 1101 obtulisset
411 1058 564 1099 romanus
576 1035 752 1116 exercitus,
766 1057 881 1099 manus
895 1051 1095 1116 consereret,
1107 1035 1222 1107 avertit

92 1207 97 1215 ,
160 1163 199 1202 «a
210 1137 359 1233 praesenti
371 1137 561 1213 certamine,
573 1152 606 1201 et
617 1137 744 1226 integro
757 1137 843 1201 bello
855 1159 1016 1225 nusquam
1028 1153 1104 1200 ante
1117 1138 1221 1201 libatis

161 1240 302 1304 «viribus
312 1287 321 1320 ,
332 1234 456 1302 Italiam
465 1236 713 1327 aggrediendam
725 1238 878 1303 censuit».
891 1238 1045 1326 Polybius
1058 1238 1154 1302 docet
1159 1241 1223 1304 Ma-

151 1343 261 1432 *gilum
279 1341 396 1405 Poenos
420 1339 602 1428 interpretis
618 1361 680 1426 ope
696 1330 920 1427 alloquutum,
939 1339 1095 1403 militibus
1107 1356 1139 1404 et
1151 1362 1224 1431 suo-

161 1467 235 1507 rnm
247 1458 279 1506 et
290 1442 471 1505 vicinorum
484 1441 651 1504 Gallorum
662 1440 807 1521 animos,
819 1454 1039 1522 commeatus,
1051 1463 1140 1503 arma
1151 1442 1222 1528 pol·
1304 1516 1307 1521 Ι

162 1545 286 1607 beitum
301 1564 370 1606 esse
383 1540 396 1628 (
407 1541 497 1628 quod
510 1563 578 1604 non
598 1556 719 1604 temere
733 1540 961 1629 pollicebatur,
982 1564 1085 1629 quum
1104 1542 1173 1605 Bnii
1192 1559 1225 1606 et

162 1644 317 1709 Insubres
343 1665 515 1705 romanum
542 1641 607 1720 jam
640 1642 814 1728 imperium
842 1642 1056 1706 excussissent
1069 1641 1099 1728 );
1125 1665 1225 1729 seque

162 1745 337 1834 obligasse,
351 1758 389 1806 ut
403 1742 472 1830 ipse
487 1742 554 1807 dux
569 1740 696 1806 adesset
711 1743 866 1806 itinerum
881 1744 1053 1831 sociusque
1067 1743 1224 1831 periculi:

162 1847 317 1909 «Venisse
330 1844 417 1909 enim
435 1866 488 1923 se,
507 1859 546 1906 ut
558 1844 674 1907 Poenos
687 1866 746 1930 per
761 1866 814 1907 eas
835 1842 968 1909 duceret
983 1843 1147 1932 regiones,
1167 1842 1225 1906 ubi

163 1961 386 2011 «commeatus
402 1945 525 2009 affatim
543 1944 844 2033 suppeditarentur,
861 1961 964 2033 utque
981 1968 1051 2009 eam
1070 1945 1227 2009 indicaret

163 2048 289 2128 «viam,
306 2066 369 2134 qua
386 2047 496 2134 paucis
512 2045 627 2110 diebus
643 2047 739 2135 Alpes
758 2062 966 2135 superarent,
981 2047 1226 2133 incolumesque

163 2148 307 2212 «Italiam
331 2146 551 2212 invaderent».
572 2148 701 2229 Quibus
723 2147 829 2212 verbis
852 2162 972 2210 erectas
995 2169 1064 2211 esse
1085 2148 1226 2212 militum

164 2265 287 2314 mentes
296 2249 393 2313 facile
408 2249 628 2338 intelligimus.

130 2431 133 2435 Ι
208 2350 308 2432 Quod
330 2374 349 2413 a
369 2350 454 2437 Boiis
473 2366 505 2414 et
525 2350 717 2414 Insubribus
735 2349 776 2414 ad
793 2350 1006 2414 Hannibalem
1029 2351 1149 2438 legatos
1170 2373 1225 2414 ve·
1297 2420 1306 2433 ..

165 2450 263 2532 nisse,
278 2472 398 2536 eosque
413 2450 472 2514 viae
493 2449 591 2514 duces
610 2451 752 2517 adfuisse
773 2467 919 2532 constet,
937 2451 1080 2529 multum
1097 2451 1225 2521 adrem

164 2549 305 2638 proficit:
316 2573 404 2630 nam,
415 2574 479 2637 qua
493 2551 646 2617 duxerint
659 2553 835 2618 exereitum
844 2552 937 2634 ,inde
948 2553 1152 2643 colligemus,
1163 2577 1228 2617 ma·

165 2675 292 2740 gnaque
309 2651 365 2713 lux
377 2651 542 2732 tenebras,
559 2654 678 2740 quibus
690 2654 867 2718 involvitur
880 2654 1035 2742 quaestio,
1050 2653 1227 2742 dissipabit.

209 2752 273 2822 Ubi
285 2750 446 2814 Hannibal
462 2751 504 2814 ad
521 2754 615 2817 Isarae
627 2755 711 2841 ripas
725 2755 889 2840 pervenit,
902 2755 1049 2842 profecto
1061 2756 1144 2819 viam
1157 2747 1227 2819 eam

165 2854 328 2943 ingressus
342 2868 406 2933 est,
424 2876 487 2940 qua
501 2855 572 2918 Boii
586 2871 618 2918 ct
630 2856 784 2919 Insubres
797 2857 944 2920 solebant
954 2880 994 2920 ex
1005 2858 1096 2943 Italia
1107 2858 1140 2920 in
1156 2859 1232 2921 Gal-⁴

166 2954 242 3017 liam
251 2954 387 3045 transire
398 2975 405 3016 :
418 2976 494 3042 ergo
504 2955 544 3017 ab
552 2956 664 3019 Insula
676 2955 814 3040 fertilem
826 2957 920 3020 Isarae
931 2957 1045 3021 vallem
1056 2975 1231 3045 sequutus,

166 3055 273 3142 copias
281 3053 476 3141 perGiaium
484 3056 731 3120 autPenninum
741 3057 1116 3146 trajecitjugum.Quum
1124 3076 1232 3123 autem

168 3172 315 3243 tempore
327 3154 454 3242 Polybii
464 3155 548 3218 riam
564 3157 649 3220 hanc
661 3157 760 3220 fuisse
774 3157 934 3246 ignotam,
954 3180 1062 3244 neque
1077 3157 1233 3237 jumentis

168 3257 293 3320 facilem
318 3271 393 3319 ante
409 3257 596 3344 Augustum
620 3259 775 3322 Caesarem
795 3256 937 3344 patuisse
963 3256 1076 3321 doceat
1102 3259 1235 3341 Strab0,

169 3381 299 3422 necesse
315 3372 363 3421 est
379 3340 698 3445 Carthaginiensibus
711 3358 772 3421 iter
783 3380 842 3445 per
855 3359 964 3424 Graias
978 3359 1074 3446 Alpes
1086 3358 1195 3424 luisse.

214 3459 570 3547 Hiccerteavia,quam
581 3459 1009 3547 describitLivius,prorsus
1019 3458 1233 3526 deflectimus:

168 3562 300 3625 atenim
324 3562 377 3624 cui
396 3585 462 3624 non
478 3562 598 3625 mirum
619 3561 766 3626 videatur
784 3560 999 3624 Hannibalem
1011 3561 1050 3623 ab
1067 3562 1153 3624 Isara
1167 3585 1234 3626 non

170 3680 256 3727 recta
273 3664 404 3751 regione
423 3664 484 3727 iter
502 3663 696 3743 instituisse3
715 3661 772 3726 sed
792 3661 834 3726 ad
852 3663 961 3725 laevam
984 3661 1018 3723 in
1041 3662 1251 3729 Tricastinos·
1318 3735 1321 3741 ,

170 3764 311 3846 flexisse3
335 3764 410 3827 inde
434 3789 491 3851 per
507 3782 682 3828 extremam
702 3787 792 3835 oram
808 3762 1046 3827 Vocontiorum
1065 3763 1239 3827 tetendisse

85 3923 87 3926 .
169 3867 203 3927 in
217 3864 397 3944 Tricorios,
412 3865 634 3952 Druentiaque
643 3863 789 3947 trajecta,
799 3864 969 3952 campestri
978 3863 1114 3926 maxime
1124 3864 1239 3930 itinere

168 3988 243 4033 eum
260 3965 347 4030 bona
364 3988 441 4052 pace
455 3964 666 4031 incolentium
683 3989 719 4030 ea
734 3967 805 4030 loca
820 3964 987 4029 Gallorum
1000 3963 1041 4027 ad
1055 3963 1148 4054 Alpes
1165 3989 1238 4054 per·
