2782 4568
183 313 311 428 ίξςὲςξςζς
388 329 479 398 Lm.
503 328 649 395 xxtn.
678 325 782 394 car.
810 320 985 389 xtvnt.
1146 311 1218 385 363

158 457 204 528 ab
219 464 332 529 Roma
345 451 519 524 mittenda
533 475 633 521 esse:
652 473 720 518 nec
739 446 841 517 aliter
860 456 921 514 aut
943 440 1139 546 exercitum
1157 454 1219 510 aut

157 567 380 665 provinciam
404 562 547 634 attineri
571 555 716 658 posse3.
752 556 878 627 Literis
906 537 1082 637 recitatis,
1110 573 1219 620 nemo

160 677 323 746 omnium
336 684 410 745 erat
421 674 552 770 ,qnin,
570 684 606 741 et
618 693 699 740 vera
712 665 838 752 scribi,
859 678 894 734 et
910 660 1082 759 postulari
1101 653 1219 761 teque,

160 782 355 854 fateretur:
378 782 441 853 sed
462 778 673 851 occurrebat
695 777 838 861 animis,
860 786 1032 870 quantos
1043 770 1220 840 exercitus

160 908 345 965 terrestres
360 893 574 998 navalesque
589 905 778 961 tuerentur
780 900 1013 984 ‚quantaque
1028 907 1122 953 nova
1135 867 1220 952 clas-

160 1005 207 1075 sis
218 1030 304 1074 mox
319 1001 478 1102 paranda
489 1015 597 1089 esset,
612 1027 641 1071 st
632 1000 790 1071 bellum
805 995 1079 1068 macedonicum
1095 1016 1218 1062 move·

160 1129 271 1186 retur.
288 1116 446 1186 Siciliam
463 1138 507 1184 ac
523 1111 748 1197 Sardi',mam
767 1135 851 1210 quoe
864 1124 948 1178 ante
962 1107 1021 1177 bel
1006 1104 1095 1175 llum
1114 1110 1220 1175 vecti-

110 1315 113 1324 !
146 1319 149 1323 ¹
158 1225 258 1322 galas
265 1225 456 1316 fiassentl,
474 1228 540 1295 uta
559 1223 737 1320 praesides
752 1225 1024 1319 provinciarum
1039 1221 1221 1286 ‘exercitus

161 1332 283 1405 alere:
300 1335 429 1413 tributo
450 1351 611 1432 sumptus
635 1332 865 1430 suppeditari
884 1357 901 1430 :⁴
914 1354 996 1400 eum
1023 1334 1136 1424 ipsum
1159 1329 1222 1394 tri-

163 1441 289 1514 butam
326 1441 605 1538 coafhrentiam⁵
637 1468 827 1513 numerum
859 1443 967 1527 tantis
996 1439 1220 1527 exercituum

160 1544 353 1656 stragibus,
374 1555 477 1625 etad
499 1560 749 1625 Trasimenum
770 1550 904 1634 lacum,
927 1565 963 1619 et
984 1549 1036 1618 ad
1052 1551 1219 1628 Cannas,

162 1670 407 1750 imminutum·
429 1675 495 1764 qui
510 1682 728 1764 superessent
741 1669 873 1761 pauci,
888 1668 921 1733 si
938 1654 1124 1754 multipIici
1136 1679 1222 1761 gra-

163 1791 331 1847 varentur
345 1773 563 1880 stutendi06,
584 1774 663 1846 alia
678 1782 856 1875 perituros
864 1787 977 1871 peste.
995 1774 1139 1863 Itaque,
1158 1769 1225 1834 nisi

199 1943 222 1989 3.
230 1945 283 1990 Aut
283 1944 434 2007 prouinciam
443 1943 543 1992 attineri
545 1960 631 2008 posse:
639 1945 672 1992 ite
715 1944 835 1992 excidisse
843 1942 922 1990 Livio.
930 1944 955 1988 Is
965 1942 1029 1988 forte
1038 1938 1100 1989 nihil
1108 1935 1174 1985 aliud
1184 1934 1224 1982 de·

163 2022 251 2085 optimi
268 2024 337 2070 MSS.
352 2025 403 2070 Alii
421 2024 497 2071 teneri
513 2035 537 2072 et
555 2023 659 2071 obtineri
661 2042 672 2080 ;
716 2023 753 2071 dit
762 2014 834 2087 quain
847 2022 910 2070 illud
920 2022 959 2068 vel
971 2036 1057 2068 oerum
1070 2016 1133 2065 illud
1143 2013 1225 2079 eonfe-

164 2115 248 2146 omnes
255 2112 335 2147 autem
341 2102 508 2148 eddretinerr'.
514 2104 575 2162 Quae
584 2113 673 2149 cuncta
716 2102 819 2149 rentium
835 2117 971 2156 numerum,
988 2110 1013 2146 et
1030 2097 1121 2159 reliqua
1137 2095 1226 2157 glossa-

163 2178 229 2226 haud
240 2179 313 2226 dubie
320 2180 449 2227 substituta
459 2180 490 2227 ab
499 2180 542 2234 iis,
555 2179 673 2242 quiigno·
715 2177 765 2225 tori
779 2180 917 2226 tribuenda.
927 2205 962 2214 -
974 2180 1053 2238 Quum
1065 2176 1099 2238 ip.
1111 2165 1225 2242 tributum

164 2257 261 2316 rabant,
272 2258 374 2305 attinere
383 2257 432 2305 dici
444 2274 490 2322 pro
505 2259 624 2316 retinere,
633 2257 672 2304 vel
715 2256 888 2322 conferentium
901 2270 1026 2303 numerum
1041 2253 1115 2300 tantis
1133 2243 1225 2318 cadrei·

102 2351 104 2356 ’
164 2338 244 2398 tueri,
258 2337 396 2385 custodire:
407 2337 464 2384 vide
474 2336 506 2384 ad
515 2338 573 2384 Tac.
582 2336 671 2384 Annal.

164 2417 673 2475 1‚35;1v‚5;x111‚15.-Nenw0m·

94 2510 96 2515 ’
165 2496 232 2542 nium
243 2509 310 2552 erat,
321 2496 394 2559 quin,
409 2496 433 2542 h.
445 2512 466 2543 e.
480 2496 524 2559 qui
531 2512 579 2543 aon
595 2493 674 2560 (qnod

164 2575 192 2620 in
205 2575 326 2638 plerisque
337 2574 392 2621 edd.
406 2586 461 2621 ante
473 2577 551 2622 Gron.
561 2573 673 2638 legitur),

165 2663 194 2700 ut
205 2653 270 2715 apud
282 2653 333 2700 cie.
341 2653 410 2698 Verr.
419 2653 472 2710 111,
486 2654 532 2713 595
543 2654 575 2711 V,
587 2661 616 2711 t,
626 2668 672 2711 aa,

166 2732 198 2778 al.
208 2758 241 2766 —
252 2732 361 2790 Quantos
371 2730 490 2776 exereitus
501 2741 621 2778 terrestres
631 2746 675 2776 na-

167 2810 278 2871 ualesque
291 2819 427 2864 tuerentur,-
439 2808 496 2856 vide
506 2807 539 2855 ad
551 2809 674 2868 XXXIV,

167 2889 197 2946 6,
210 2904 235 2934 n.
247 2888 271 2935 6.

203 2975 227 3022 4.
245 2965 377 3029 Vectigales
383 2964 504 3030 fluissent;
514 2966 571 3014 vide
581 2969 614 3028 V,
628 2981 675 3026 ro,

167 3063 192 3094 n.
201 3045 224 3093 5.
237 3073 272 3082 —
283 3043 401 3091 Prasides
410 3044 593 3108 provinciarum
606 3061 675 3092 eccer-

166 3125 242 3180 et'tus,·
257 3124 311 3171 vide
324 3126 364 3181 X,
380 3137 418 3183 17,
432 3140 457 3171 n.
470 3125 495 3171 3.
510 3151 546 3159 -
560 3123 675 3181 Tributo,·

167 3221 181 3261 a
192 3204 287 3252 civibus
298 3214 322 3250 et
334 3203 425 3250 Italicis
439 3202 601 3262 conferendo,
612 3220 675 3250 sum-

163 3295 236 3347 ptus,
250 3282 379 3346 pecuniam
390 3283 416 3329 in
428 3294 551 3348 sumptus,
563 3282 675 3346 srmpedi·

169 3363 219 3408 tari
231 3362 337 3424 (parari,
350 3362 478 3427 praeberi),
492 3373 572 3427 utup.
584 3361 675 3409 Justin.

168 3440 219 3496 IX,
234 3455 243 3485 1
255 3453 316 3488 extr.
328 3440 396 3507 refici
405 3441 539 3504 impensam
549 3442 627 3488 Gron.

206 3519 229 3566 5.
248 3521 311 3564 Eum
330 3520 406 3582 ipsum
423 3521 538 3567 tributum
555 3519 678 3585 confieren-

169 3597 241 3654 tium,
253 3610 313 3654 ete,
328 3615 360 3644 ex
378 3600 478 3662 optimis
497 3601 559 3647 MSS
576 3610 601 3646 et
619 3600 675 3648 edd.

150 3706 153 3711 -
169 3688 225 3725 ante
237 3679 351 3739 Mogunt.
366 3678 460 3725 restitui
471 3695 526 3725 cum
536 3679 612 3727 Gron.
625 3679 678 3744 (qui

168 3769 249 3805 tamen
262 3773 276 3802 e
286 3754 430 3818 quibusdam
443 3757 516 3805 codd.
526 3774 611 3804 oerum
621 3769 677 3805 ante

169 3851 224 3881 eum
236 3833 341 3898 adjecit)
359 3845 384 3880 et
399 3834 490 3882 Stroth.
510 3839 540 3883 In
554 3837 607 3884 aliis
620 3837 676 3884 edd.

169 3930 223 3977 eum
235 3915 311 3976 ipsum
323 3924 347 3960 et
361 3928 445 3959 venem
456 3929 510 3959 eum
521 3914 598 3979 ipsum
604 3948 676 3963 ......

169 3993 260 4042 immin.
266 4012 276 4050 ,·
285 4005 348 4049 tum,
359 3993 403 4057 qui
409 4006 564 4056 superessent,
576 4005 622 4042 etc.
627 3996 678 4042 Vix

169 4083 250 4126 tamen
268 4067 427 4132 crediderim,
447 4083 486 4122 tot
506 4074 678 4142 iutttsiltusa

716 2347 784 2383 tuum
801 2335 934 2400 stragibus,
953 2346 977 2380 et
999 2333 1036 2379 ad
1060 2330 1225 2378 Trasimenum

716 2417 809 2472 hauns,
820 2415 889 2463 etad
897 2414 937 2470 0.,
949 2412 1112 2467 imminutum,
1124 2422 1173 2457 tum
1183 2411 1227 2473 qui

716 2512 770 2561 sup.
785 2499 952 2559 Repraesentat
964 2493 1017 2541 haec
1029 2491 1137 2540 Creverii
1150 2490 1225 2536 lectio

716 2588 826 2624 veterum
846 2573 967 2623 editorum
987 2571 1131 2628 lectionem,
1154 2584 1226 2632 quum

716 2653 814 2702 firmant
832 2652 929 2700 codices
946 2651 1022 2698 nostri
1038 2649 1160 2714 plerique,
1178 2647 1227 2694 nisi

717 2734 785 2797 quod
796 2745 846 2779 tum
855 2732 983 2788 omittunt,
993 2731 1074 2777 forsan
1083 2729 1225 2791 absorptum

717 2813 748 2859 ab
760 2811 853 2859 ultima
871 2810 1032 2874 precedentis
1050 2823 1105 2856 voc.
1125 2807 1226 2871 syllaba.

719 2891 859 2939 Gronovius
867 2907 898 2937 ex
905 2889 1048 2952 quibusdam
1056 2887 1165 2950 scriptis,
1175 2888 1228 2948 qui·

717 2969 764 3016 bus
783 2985 846 3016 unus
866 2986 879 3016 e
900 2969 991 3015 nostris
1012 2967 1154 3022 assentitur,
1167 2963 1227 3026 legit

718 3065 772 3095 eum
785 3048 870 3111 ipsum.
886 3047 934 3095 Sed
947 3062 996 3093 vox
1009 3060 1063 3091 eum
1079 3053 1141 3090 stare
1155 3057 1227 3105 posse

718 3143 769 3175 non
777 3126 875 3174 videtur
883 3127 968 3183 Crem,
979 3140 1054 3186 quum
1066 3132 1135 3169 antea
1147 3136 1226 3169 sermo

717 3205 791 3253 fuerit
800 3206 831 3252 de
839 3205 932 3252 tributo
940 3238 947 3262 ,
956 3219 1008 3250 non
1018 3202 1048 3249 de
1056 3217 1158 3248 numero
1168 3216 1227 3247 con·

718 3285 846 3333 ferentium
857 3284 991 3332 tributum:
1005 3294 1086 3330 tamen
1102 3282 1132 3328 ad
1146 3297 1227 3329 nume·

718 3381 772 3411 rum
780 3365 863 3410 referri
874 3374 964 3428 potest.
979 3363 1025 3409 En.

754 3445 779 3491 6.
794 3443 821 3489 St'
837 3437 971 3505 multiplici
978 3456 1078 3505 gravat·
1092 3438 1226 3504 stipendio,

719 3522 739 3569 si
745 3520 1011 3586 premerenturtributo
1018 3519 1229 3582 gravissimo‚quo

719 3601 933 3666 suppeditarentur
949 3610 1075 3663 sumptus,
1094 3599 1121 3644 in
1140 3613 1229 3645 norum

719 3680 819 3727 classem
839 3691 863 3727 et
885 3679 1017 3726 multorum
1036 3691 1229 3740 magnorumque

720 3760 870 3821 exercituum
894 3759 1053 3816 vestimentu,
1080 3755 1229 3820 stipendium
1259 3778 1261 3782 ·

720 3839 915 3901 frumentumque
932 3835 1118 3901 impendendos.
1136 3834 1229 3899 Stt'pen'·

720 3917 786 3965 dium
798 3917 833 3964 id.
843 3916 884 3980 qd.
895 3933 969 3980 supra
979 3914 1101 3962 tributum.
1114 3913 1186 3962 Conf.
1197 3913 1230 3963 nd
1274 3918 1279 3931 “

720 3997 848 4054 XXXIX,
861 4011 885 4056 7,
894 4012 920 4042 n.
929 3997 952 4042 3.
961 3993 1147 4057 -Alt'apeste,
1157 4009 1230 4056 quatu

720 4073 1093 4140 bellt3videad11‚tt,n.5.
1125 4102 1128 4107 -
