2782 4568
193 313 315 416 33:33:
412 337 566 404 sinna
596 338 737 405 xxiv.
765 335 871 405 ele.
898 336 978 402 xx.
1154 338 1220 419 411

166 455 331 546 rebatur,
359 471 464 528 motu
490 455 602 545 facto,
628 471 741 527 eastra
765 454 812 525 ab
840 451 1073 526 urbe.lerme
1100 478 1226 551 passus

166 567 264 638 mille
286 567 391 638 locat.
413 567 574 655 Tarenti,
593 564 717 636 triduo
736 580 837 653 ante,
856 588 968 662 quam
984 562 1162 634 Hannibal
1181 564 1227 635 ad

166 679 327 748 moenia⁷
361 677 569 765 accederet,
596 700 616 747 a
644 680 693 746 M.
717 677 861 748 Valerio
890 681 1132 773 propraetore,
1163 678 1228 771 qui

167 786 268 858 classi
287 786 333 858 ad
352 786 584 857 Brundisium
602 800 769 883 praeerat,
787 786 918 856 missus
936 789 985 854 Μ.
1003 786 1140 872 Livius,
1159 785 1229 882 pri·

165 922 266 970 more
293 898 496 995 conscripta
517 897 728 993 juventute,
751 896 1004 994 dispositisque
1029 895 1073 966 ad
1101 919 1227 967 omnes

164 1023 288 1106 portas
306 1009 473 1105 circaque
492 1031 635 1096 murm,
651 1032 725 1104 qua
741 1032 798 1078 res
820 1004 1044 1103 postulabat,
1064 1009 1227 1078 stationi·
1310 1032 1313 1037 ·

163 1117 248 1208 bus,
261 1119 320 1191 die
333 1143 374 1190 ac
388 1133 496 1190 nocte
509 1118 704 1216 plurimum
718 1120 897 1205 intentus,
911 1141 1032 1213 neque
1044 1116 1227 1209 hostibus,

67 1310 73 1319 ἱ
165 1255 285 1327 neque
308 1228 429 1300 dubiis
449 1230 553 1300 sociis
577 1228 648 1299 loci
671 1227 874 1325 quidquam
896 1224 1050 1324 praebuit
1077 1226 1121 1297 ad
1145 1241 1227 1298 ten·

163 1339 328 1409 tandum.
354 1334 480 1428 Quare
497 1336 627 1410 diebus
649 1338 787 1434 aliquot
809 1335 941 1407 frustra
958 1335 1010 1406 ibi
1027 1333 1226 1433 absumptis

84 1514 88 1519 .
164 1447 359 1536 Hannibal,
379 1472 493 1544 quum
517 1473 643 1519 eorum
661 1472 786 1536 nemo,
810 1447 874 1543 qui
892 1446 938 1516 ad
956 1446 1074 1517 lacum
1094 1447 1227 1517 Averni

164 1554 356 1646 adissent⁸‚
380 1573 442 1628 aut
468 1560 537 1658 ipsi
567 1561 749 1647 venirent,
775 1573 837 1629 aut
865 1559 1035 1628 nuntium
1063 1557 1226 1628 literasve

163 1669 361 1756 mitterent,
375 1693 466 1739 vana
476 1671 651 1767 promissa
660 1695 697 1741 se
707 1685 842 1741 temere
856 1683 1052 1765 sequutum
1061 1691 1226 1755 cernens,

162 1793 278 1849 castra
296 1778 382 1850 inde
399 1782 524 1850 movit.
548 1784 640 1851 Tum
659 1805 824 1877 quoque,
844 1781 980 1851 intacto
1002 1804 1087 1877 agro
1106 1793 1226 1849 taren·

163 1890 240 1960 tino
259 1892 490 1987 (quanquam
505 1891 669 1961 simulata
683 1892 811 1962 lenitas
825 1890 1004 1961 nihildum
1020 1888 1223 1988 profuerat,

163 2013 285 2070 tamen
304 2024 367 2097 spe
389 1998 644 2071 labefactandae
662 1999 747 2071 fidei
769 2000 866 2072 haud
889 2000 1103 2096 absistens),
1126 2000 1225 2071 Sala-

161 2111 259 2206 piam
285 2125 327 2181 ut
358 2112 493 2200 venite,
522 2109 746 2182 frumentum
777 2136 822 2182 ex
852 2113 944 2209 agris
972 2113 1224 2209 metapontino

161 2234 268 2315 atque
299 2220 512 2293 heracliensi
537 2223 625 2318 (jam
653 2221 772 2292 media
799 2237 899 2293 aestas
923 2236 1047 2293 exacta
1074 2236 1166 2307 erat,
1188 2235 1224 2290 et

160 2329 507 2429 hibernisplacebat
531 2333 654 2429 locus)
677 2348 891 2432 comportat.
918 2333 1116 2404 Praedatum
1140 2330 1225 2402 iude

160 2440 324 2511 Numidae
343 2447 533 2542 Maurique
550 2470 616 2543 per
632 2446 863 2517 sallentinum
878 2470 1004 2543 agrum
1021 2445 1224 2543 proximos·

161 2573 232 2644 que
248 2552 384 2646 Apuliae
401 2554 513 2625 saltus
533 2556 679 2628 dimissi.
702 2555 808 2628 Unde
828 2571 964 2628 caeterae
979 2553 1106 2653 praedae
1125 2552 1224 2624 haud
1259 2618 1262 2623 ,

197 2749 221 2793 7.
243 2736 342 2783 Tarenti
347 2738 421 2785 ...ad
433 2741 523 2787 moenia
535 2742 668 2806 jungenda.
712 2746 739 2789 in
753 2744 829 2791 Fabio
842 2761 898 2808 pag.
916 2747 979 2804 1873
994 2743 1082 2808 Polyb.
1090 2745 1164 2803 VIII,
1177 2760 1223 2804 27-

160 2809 250 2860 Missus
263 2815 297 2860 M.
313 2814 390 2863 Livius
399 2817 509 2880 primore
519 2835 540 2865 c.
550 2821 574 2885 j.
592 2821 670 2869 edidit
714 2823 755 2869 32.
771 2825 800 2868 In
812 2824 911 2888 Polybii
925 2823 982 2871 edd.
997 2835 1021 2871 et
1034 2826 1096 2872 MSS
1109 2823 1223 2872 omnibus

161 2890 239 2939 Gron.
252 2907 266 2938 e
278 2893 386 2956 vestigiis
397 2911 419 2942 c.
431 2899 486 2944 rut.
497 2898 580 2946 missus
590 2899 625 2946 ibi
632 2901 668 2948 sia
714 2898 741 2951 C.
754 2899 832 2947 Livius
844 2900 942 2959 dieitur,
956 2912 980 2948 et
994 2901 1060 2964 apud
1075 2903 1183 2966 Appian.
1196 2902 1222 2950 b.

156 2969 240 3032 priore
257 2987 279 3018 c.
289 2971 313 3034 j.
331 2975 379 3020 Pro
392 2976 428 3023 M.
443 2975 523 3023 Livius
543 2977 600 3025 edd,
613 2990 669 3028 ante
713 2983 795 3028 Hann.
806 2983 838 3028 32
848 2983 997 3040 ΙΟΥΝΙΟΣ,
1011 2982 1083 3045 quod
1090 2999 1183 3031 nomen
1191 3000 1224 3031 ex

62 3084 71 3099 χ
160 3064 214 3096 eum
228 3049 379 3099 substituunt
393 3055 419 3100 T.
439 3053 548 3101 Valerius
561 3056 666 3119 legatus,
712 3062 741 3110 Γ.
757 3062 867 3108 amtor
887 3072 1034 3125 corruptum
1049 3062 1157 3125 putabat
1170 3065 1223 3110 Ou-

160 3143 214 3192 quae
230 3130 319 3178 eMSS
337 3129 435 3180 absunt.
455 3134 485 3180 Iu
502 3132 542 3180 his
559 3150 609 3181 non
626 3152 668 3182 ex·
712 3139 787 3188 deud.
798 3140 830 3188 ad
837 3141 949 3188 Frontini
960 3143 1034 3189 Strat.
1047 3142 1099 3200 111,
1115 3143 1143 3199 3,
1154 3140 1221 3199 n.6,

159 3223 241 3271 presse
255 3207 344 3272 legitur
358 3212 394 3259 M.
408 3210 496 3258 Livitu.
515 3213 575 3259 Eum
588 3224 668 3263 tamen
712 3220 755 3267 sed
769 3235 801 3266 ex
820 3217 913 3276 Λιούῖος
931 3220 1072 3284 Schweigh.
1099 3222 1222 3269 Caeterum

159 3287 265 3336 Tarento
278 3290 420 3353 praefectum
430 3291 503 3338 fuisse
513 3303 537 3339 et
543 3308 588 3355 per
597 3294 668 3356 quin·
710 3296 768 3344 huic
777 3297 890 3344 M.Livi0
901 3311 1038 3358 cognomen
1048 3296 1095 3344 suit
1105 3299 1220 3356 iliacam,

160 3367 292 3426 quennium
305 3358 443 3416 defendisse
459 3385 551 3429 arcem,
573 3372 667 3436 oppido
712 3391 763 3422 non
780 3375 930 3431 Salinatori,
954 3375 1021 3437 quod
1043 3376 1065 3422 ei
1079 3376 1195 3424 tribuitur
1208 3395 1223 3426 a

124 3458 133 3471 ·
160 3441 191 3488 ab
202 3444 338 3493 Hannibale
347 3459 435 3511 capto,
448 3459 515 3512 patet
526 3465 557 3497 ex
568 3453 668 3511 XXVI,
712 3455 764 3503 Cic.
778 3451 822 3503 Or.
838 3457 876 3513 ΙΙ,
895 3456 946 3515 67,
967 3465 992 3501 et
1012 3454 1097 3518 potius
1116 3468 1223 3517 cognato

161 3520 208 3582 393
219 3523 333 3580 xxva,
348 3525 463 3592 25'(nam
471 3526 498 3575 in
509 3528 561 3592 ipsa
570 3531 605 3577 rei
615 3548 667 3579 nar·
710 3534 760 3594 ejus
771 3535 798 3580 iu
808 3550 907 3583 censura
916 3533 1037 3593 inditum
1049 3534 1106 3582 vide
1117 3536 1222 3594 xxlx,

159 3599 253 3646 ratione
268 3602 350 3659 XXV,
362 3604 434 3652 8-11
452 3616 476 3653 et
488 3606 535 3665 15,
548 3623 638 3657 nomeu
652 3627 666 3657 a
711 3613 758 3673 37,
772 3624 797 3660 et
808 3615 910 3663 Wessel.
919 3614 992 3662 Obss.
1005 3615 1045 3672 11,
1058 3614 1082 3661 5.

159 3677 229 3725 Livio
249 3679 376 3739 reticetur,
395 3684 464 3746 quod
481 3686 571 3734 factum
590 3688 621 3734 ab
636 3705 665 3736 eo
746 3694 769 3739 8.
784 3693 832 3753 Qui
850 3694 887 3740 ad
907 3694 987 3741 laeum
1006 3692 1098 3739 Averni
1113 3692 1222 3742 adissent

158 3757 260 3847 putabat
269 3759 396 3821 Sigonius,
407 3777 438 3810 ne
448 3775 531 3812 notam
540 3767 606 3829 genti
617 3784 666 3816 suoe
709 3770 789 3833 ipsum
809 3783 833 3819 et
851 3772 923 3820 vani's
931 3771 1058 3836 promissis
1069 3772 1118 3820 hue
1133 3773 1220 3823 traxis-

158 3849 277 3894 rnureret,
309 3853 384 3900 quum
415 3853 512 3892 constet
534 3845 666 3895 Tarentum
710 3851 915 3910 sent‚etc‚;vide
929 3868 983 3915 cap.
999 3852 1029 3898 13
1043 3867 1080 3915 pr.

158 3915 268 3963 amissam
290 3933 342 3964 esse
361 3917 433 3983 culpa
451 3920 524 3983 hujus
542 3926 663 3988 praefeed,
745 3946 769 3992 9.
777 3929 904 3992 Salapiam
913 3930 1026 3987 utveuit,
1040 3947 1099 3996 opp.
1107 3931 1221 3996 Apuliae,

158 4009 229 4055 quem
246 3995 341 4043 ebrium
349 3997 421 4045 etiam
432 4010 485 4047 tum
492 4001 566 4076 luisse
577 4005 664 4070 Polyb.
709 4024 788 4073 prope
801 4007 919 4056 Aufidum
934 4008 1024 4058 flumen
1039 4022 1064 4059 et
1082 4011 1218 4076 Salapinam

159 4071 238 4139 dicat)
247 4074 499 4142 Plutdpophthegm.
508 4098 562 4146 pag.
574 4084 632 4145 195,
642 4097 665 4134 et
710 4087 838 4150 paludem,
849 4087 923 4135 hodie
932 4088 1010 4152 Salpia.
