2782 4568
432 287 581 353 LIBER
611 287 737 354 XXII.
765 286 867 354 CAP.
896 288 943 354 ΙΙ.
1154 293 1218 374 ΙΔΙ

158 411 211 479 ire
222 408 348 502 jussit:
369 407 468 499 sequi
489 405 628 490 Gallos,
647 421 687 476 ut
706 406 742 475 id
761 408 912 508 agminis
933 406 1094 478 medium
1112 426 1221 500 esset3

159 519 373 587 novissimos
390 516 442 584 ire
457 516 596 611 equites
613 542 620 583 :
638 520 830 612 Magonem
847 516 932 586 inde
947 542 1028 587 eum
1048 519 1225 614 expeditis

159 626 326 698 Numidis
346 650 476 722 cogere
500 650 646 722 agmen,
666 628 820 697 maxime
840 627 979 714 Gallos,
998 629 1027 696 si
1048 627 1154 699 taedio
1172 631 1224 700 la-

159 736 259 807 boris
278 737 468 833 longaeque
486 737 550 805 viae
565 736 577 822 l
587 750 625 806 ut
647 752 700 807 est
718 738 836 812 mollis
855 737 899 807 ad
923 737 1005 808 talia
1020 739 1150 834 gensi)
1170 740 1225 810 di-

86 886 91 910 ·
160 845 370 918 laberentur
389 860 450 915 aut
472 845 725 936 subsisterent,
744 846 986 918 cohibentem.
1008 851 1134 937 Primi,
1154 875 1225 946 qua

160 957 273 1028 modo
290 958 465 1054 praeirent,
474 954 583 1026 duces
600 982 666 1054 per
685 958 846 1053 praealtas
866 957 964 1028 lluvii
976 984 1017 1031 ac
1029 945 1227 1056 profundas

160 1069 364 1163 voragines,
379 1065 498 1136 hausti
515 1092 616 1163 paene
635 1068 740 1153 limo,
755 1069 1083 1166 immergentesque
1100 1096 1154 1160 se,
1172 1087 1226 1142 ta-

162 1203 246 1249 men
265 1179 366 1274 signa
380 1175 637 1272 sequebantur.
655 1178 749 1247 Galli
761 1202 881 1274 neque
896 1181 1072 1251 sustinere
1088 1205 1123 1251 se
1144 1205 1225 1279 pro-

162 1289 252 1385 lapsi
260 1284 285 1374 ⁵,
302 1312 422 1382 neque
440 1286 632 1383 adsurgere
650 1311 694 1356 ex
705 1287 942 1384 voraginibus
959 1303 1145 1384 poterant3
1165 1305 1228 1361 aut

164 1422 317 1495 corpora
331 1398 479 1484 animis,
492 1411 553 1467 aut
566 1397 704 1468 animos
722 1422 784 1494 spe
799 1398 1046 1469 sustinebant:
1062 1401 1121 1469 alii
1135 1399 1228 1471 fessa

163 1533 255 1606 aegre
277 1507 461 1576 trahentes
479 1505 661 1594 membra3
683 1507 758 1594 alii,
784 1505 848 1577 ubi
866 1507 977 1578 semel
1000 1509 1102 1578 victis
1121 1507 1226 1578 taedio

164 1619 292 1688 animis
309 1615 608 1713 procubuissent,
623 1618 718 1686 inter
733 1617 914 1710 jumenta,
931 1631 966 1686 et
983 1618 1059 1712 ipsa
1074 1617 1229 1711 jacentia

164 1729 315 1824 passim,
331 1727 538 1797 morientes.
557 1724 791 1822 Maximeque
806 1729 969 1796 omnium
991 1727 1116 1822 vigiliae
1138 1753 1228 1798 con·

163 1834 353 1919 ficiebant,
369 1861 434 1932 per
445 1835 679 1933 quatriduum
690 1837 763 1930 jam
778 1851 813 1906 et
827 1851 899 1907 tres
912 1851 1037 1907 noctes
1051 1837 1226 1908 toleratae:

165 1971 302 2043 quum,
324 1948 446 2017 omnia
464 1946 713 2018 obtinentibus
730 1948 850 2042 aquis,
866 1946 975 2030 nihil,
994 1946 1058 2016 ubi
1075 1949 1113 2016 in
1134 1950 1228 2018 sicco

115 2133 119 2136 ,
166 2054 256 2127 sessa
274 2072 476 2128 sternerent
490 2082 660 2154 corpora,
671 2058 824 2126 inveniri
838 2073 975 2153 posset,
988 2057 1177 2126 cumulatis
1190 2059 1229 2126 in

167 2191 278 2262 aquas
313 2169 457 2238 sarcinis
490 2170 640 2265 insuper
672 2164 944 2235 incumbebant.
975 2171 1229 2239 Iumentorum

160 2275 293 2346 »itinere
306 2290 384 2346 toto
397 2291 660 2373 prostratorum
672 2265 808 2373 passim*
820 2276 937 2345 acervi
954 2289 1113 2361 tantum,
1130 2276 1230 2372 quod

169 2401 323 2456 exstaret
349 2383 475 2482 aquass,
494 2385 742 2483 quarentibus
767 2386 822 2460 ad⁴
836 2388 995 2482 quietern
1018 2389 1120 2484 parvi
1137 2402 1231 2458 tem·

169 2497 267 2589 poris
281 2499 520 2568 necessarium
533 2498 653 2569 cubile
666 2497 813 2569 dabant.
829 2504 911 2595 Ipse
925 2498 1123 2613 Hannibal,
1139 2525 1231 2597 aeger

207 2698 230 2745 t.
254 2694 285 2738 Ut
307 2705 342 2740 est
363 2695 441 2742 mollis
464 2694 501 2740 ad
521 2694 584 2740 talia
602 2711 677 2758 gens,
723 2694 755 2741 ad
768 2695 819 2742 Cic.
832 2694 890 2742 Nat.
904 2697 977 2742 Deor.
990 2697 1034 2752 IV,
1049 2696 1183 2752 443Doer.
1197 2721 1232 2732 —-

172 2762 245 2816 Galli.
259 2770 297 2817 stc
311 2783 335 2818 et
348 2772 436 2835 Polyb.
447 2773 465 2819 l.
476 2774 493 2819 l.
507 2773 597 2820 Confer
607 2773 638 2818 ad
648 2775 680 2830 V,
725 2774 820 2838 Vigilier
833 2774 993 2840 conficiebant
1005 2776 1101 2821 Poenos.
1118 2775 1191 2822 Conf.
1201 2774 1234 2822 ad

174 2853 224 2902 44,
237 2863 261 2894 n.
276 2857 300 2904 4.
313 2878 347 2886 -
363 2851 532 2898 Dilaberentur
545 2851 575 2897 ab
590 2852 679 2912 elgnIs,
724 2854 756 2909 V,
770 2868 814 2911 10,
828 2869 852 2899 n.
864 2854 888 2901 6.

174 2941 217 2972 seu
228 2927 354 2977 ordinibus
366 2931 411 2991 (ut
425 2932 527 2988 XXIII,
541 2931 570 2976 18
585 2942 646 2977 extr.
656 2942 681 2977 et
761 2933 785 2978 6.
795 2935 962 2978 Jumentorum
971 2931 1055 2978 itinere
1067 2942 1234 2993 totoprostra·

136 3037 141 3044 ι
173 3008 314 3065 XXXVII,
328 3008 388 3073 20),
402 3010 485 3056 furtim
500 3010 631 3074 sparsimve
644 3025 681 3055 se·
726 3022 804 3057 torum
819 3011 898 3057 acervi
911 3022 1017 3064 tantum,
1043 3008 1111 3072 'quod
1127 3019 1236 3055 certaret

173 3084 302 3144 cederent,
322 3089 360 3134 vel
378 3088 527 3136 declinarent
544 3089 574 3135 de
588 3089 627 3134 via
645 3104 683 3134 re·
726 3089 812 3143 ex,vel
821 3089 852 3134 ab
859 3099 1065 3150 aqua,quantum
1073 3103 1156 3133 eorum
1165 3102 1235 3148 aquae
1324 3097 1326 3101 '

172 3166 337 3224 troeedendo,
347 3167 414 3230 quod
427 3168 493 3231 apud
505 3167 636 3231 Polybium
646 3178 682 3213 est
726 3168 927 3231 superemineret,
938 3167 1096 3212 necessarium
1107 3165 1184 3211 cubile
1193 3165 1235 3211 da-

174 3241 299 3295 ἀπονιὺειν
310 3246 342 3303 εἰς
352 3246 591 3297 rotulam-Primi
597 3247 683 3309 Hispa·
728 3247 787 3292 bant
801 3246 975 3307 querentibus,
994 3245 1070 3290 scilic.
1083 3244 1162 3290 illud:
1178 3260 1236 3290 nam

174 3324 201 3368 ni
215 3335 239 3371 et
252 3325 319 3384 Afri,
333 3343 383 3388 qua
399 3337 466 3390 parte
482 3325 554 3372 modo
566 3325 685 3388 praeirent
728 3325 804 3371 cubile
812 3323 849 3369 bis
858 3323 987 3381 intell.,ad
995 3322 1163 3385 quaerentibus,
1175 3333 1198 3369 et
1206 3322 1239 3369 ad

175 3400 259 3459 duces,
272 3416 319 3452 etc.
730 3403 838 3458 dabaut;
850 3402 941 3450 Stroth.
954 3402 992 3449 Cf.
1003 3400 1090 3465 Polyb.
1105 3401 1163 3447 Non
1176 3402 1239 3448 bene

212 3482 236 3528 5.
246 3483 316 3530 Galli
323 3500 400 3547 neque
407 3485 522 3531 arretium
530 3499 555 3530 se
560 3482 683 3546 prolapsi,
729 3482 783 3529 fluit
797 3481 887 3539 oratio,
902 3492 926 3526 et
936 3493 992 3527 ante
999 3480 1164 3544 jumentorum
1180 3480 1241 3526 desi·

176 3577 253 3625 neque
266 3579 404 3627 assurgere;
421 3580 475 3610 cum
492 3563 606 3610 Creverio
622 3563 686 3609 forte
730 3562 809 3609 derari
824 3560 921 3607 videtur
937 3560 996 3606 nel:
1009 3559 1049 3604 alii
1065 3558 1242 3609 incumbebant

175 3640 223 3704 leg.
233 3656 309 3705 neque
320 3643 435 3689 sustinere
443 3659 480 3699 se,
492 3658 569 3705 neque
575 3640 688 3706 prolapsi
730 3640 831 3687 sarcinis
844 3639 870 3684 ln
883 3654 956 3700 aquas
970 3637 1110 3694 cumulatis,
1121 3637 1161 3683 alii
1176 3654 1241 3684 acer-

119 3775 120 3778 ,
178 3736 221 3775 a.;
232 3721 289 3768 vide
302 3722 334 3768 ad
345 3724 420 3780 XXI,
435 3722 466 3769 35
473 3757 479 3780 ,
490 3738 515 3768 n.
527 3737 565 3768 10.
577 3748 612 3757 -ι-
624 3722 687 3768 Mox
731 3720 768 3766 vis
775 3720 951 3778 jumentorum
962 3717 1068 3762 Dua-
1076 3716 1168 3786 Dukeri
1178 3717 1241 3788 bane

178 3810 224 3846 aut
236 3816 284 3863 pro
300 3816 390 3864 neque,
405 3811 433 3846 ut
452 3817 515 3863 saepe
535 3811 591 3864 post
610 3815 687 3863 neque
731 3800 835 3858 conject.
847 3798 974 3859 impugnat
985 3793 1123 3852 Walcbius,
1136 3796 1240 3844 Emend.

178 3878 218 3925 vel
231 3895 290 3935 nee,·
302 3890 326 3926 et
338 3879 426 3926 deinde
440 3879 485 3925 alii
495 3878 634 3937 trahentes,
643 3877 689 3925 alii
731 3893 785 3942 pag.
796 3878 858 3934 1783
870 3874 961 3937 quippe
973 3873 1040 3935 quod
1052 3874 1118 3920 nulla
1130 3875 1243 3921 emenda·

179 3957 321 4015 morientes,
337 3959 412 4006 scilic.
427 3970 510 4019 eram,
526 3975 571 4023 pro
587 3974 593 4007 :
609 3959 688 4005 trahe·
721 3957 799 4012 ⁸ti0ue
818 3971 880 4017 opus
896 3953 974 4010 videri
990 3952 1077 4000 debeat
1094 3953 1117 3999 ei
1126 3988 1133 4011 ,
1151 3954 1193 4015 qui
1211 3953 1242 3999 ad

180 4036 254 4098 bant,
263 4038 437 4103 moriebantur,
444 4039 475 4087 de
482 4054 531 4102 quo
542 4037 688 4086 videDavis.
732 4035 797 4084 Livii
810 4034 923 4082 duritiem
936 4031 963 4080 in
977 4032 1151 4094 conjunctione
1164 4032 1244 4096 perio-
