2782 4568
183 308 308 410 32:332:
394 330 550 396 arnna
578 329 719 396 xxiv.
746 329 852 397 car.
879 330 982 398 xvt.
1128 334 1210 415 ,401

158 440 317 537 tnrbata,
330 462 513 546 postremo
524 463 601 520 tota
611 447 765 545 impulsa
774 449 885 532 acies;
897 448 981 519 inde
995 448 1093 520 hand
1107 451 1217 524 dubie

158 572 258 655 terga
268 556 374 646 ,data3
393 573 578 655 ruuntque
593 556 772 654 fugientes
785 559 824 626 in
841 571 971 652 castra,
991 559 1081 630 adeo
1100 562 1217 656 pavidi

158 671 381 768 trepidique,
394 687 435 743 nt
448 698 494 743 ne
509 675 547 742 in
562 674 676 769 portis
690 670 837 767 quidem
849 686 911 741 aut
921 674 1014 742 vallo
1028 677 1220 771 quisquam

158 783 345 871 restiterit,
364 808 405 853 ac
422 806 538 881 prope
554 782 756 852 continenti
777 783 917 878 agmine
928 793 942 822 ²
959 785 1111 853 Romani
1125 786 1220 854 inse·

157 897 265 991 'qunti
288 921 424 966 novum
449 898 494 968 de
524 899 665 992 integro
692 895 879 992 praelium,
908 897 1037 968 inclusi
1062 897 1221 969 hostium

159 1004 271 1091 valln,
292 1004 480 1076 ediderint.
500 1004 573 1093 Ibi,
589 1007 680 1075 sicut
696 1028 818 1101 pugna
833 1005 1041 1102 impeditior
1053 1008 1092 1075 in
1107 1033 1222 1105 angn-

160 1115 251 1200 stiis,
268 1115 319 1184 ita
334 1113 447 1185 caedes
460 1115 615 1183 atrocior
628 1112 696 1181 snit
713 1139 721 1179 :
741 1128 776 1183 et
792 1113 960 1208 adjuvere
978 1117 1127 1213 captivi,
1141 1119 1221 1213 qni,

161 1237 265 1320 rapto
290 1224 385 1292 inter
410 1222 609 1291 tumultum
632 1220 748 1308 ferr0,
773 1223 980 1316 conglobati
1000 1239 1035 1294 et
1055 1223 1100 1294 ab
1122 1238 1224 1322 tergo

161 1334 370 1433 ceciderant
387 1338 537 1420 Poenos,
557 1346 592 1402 et
610 1329 731 1428 fugam
742 1330 998 1427 impedierunt.
1014 1339 1141 1428 Itaque
1160 1337 1226 1404 mi-

161 1466 230 1512 nus
243 1442 317 1512 duo
328 1441 439 1510 millia
455 1440 645 1510 hominnm
660 1465 704 1509 ex
723 1453 825 1508 tanto
845 1442 1021 1529 exercitu,
1042 1457 1078 1512 et
1092 1469 1134 1513 ea
1147 1469 1223 1514 ma-

160 1551 219 1646 jor
241 1576 325 1649 pars
348 1546 552 1647 equitum3,
578 1573 661 1620 cum
686 1550 766 1645 ipso
789 1546 880 1618 duce
908 1546 1142 1645 effugerunt:
1166 1552 1224 1623 alii

162 1686 290 1733 omnes
311 1662 391 1730 caesi
413 1674 474 1730 aut
499 1661 609 1756 capti;
628 1673 731 1755 capta
755 1671 791 1728 et
819 1659 919 1754 signa
945 1657 1224 1755 duodequadra-

162 1773 283 1870 ginta:
301 1796 346 1841 ex
363 1768 560 1840 victoribus
574 1768 649 1838 duo
667 1768 778 1838 millia
793 1765 905 1838 ferme
916 1769 1092 1844 cecidere.
1106 1771 1227 1841 Praeda

164 1883 281 1952 omnis
301 1881 559 1978 (praeterquam
570 1879 766 1948 ‘hominnm
786 1879 997 1974 captorum)
1013 1880 1118 1950 militi
1137 1906 1226 1953 con-

164 2015 261 2062 cessa
278 2005 331 2062 est
347 2005 405 2062 :et
424 2014 535 2087 pecus
553 2003 742 2086 exceptum
755 2003 823 2076 est,
845 1988 945 2084 qnod
961 1990 1055 2060 intra
1073 1989 1148 2062 dies
1164 1993 1226 2061 tri·

164 2101 262 2196 ginta
288 2101 425 2171 domini
449 2101 701 2196 cognovissent
714 2101 740 2167 t,
763 2101 886 2188 Quum
907 2098 1028 2194 praeda
1048 2102 1170 2170 onusti
1188 2105 1225 2170 in
1276 2162 1277 2169 ,

164 2224 279 2280 castra
296 2210 490 2300 redissent,
507 2224 665 2306 quatuor
683 2207 793 2278 millia
811 2205 924 2278 ferme
940 2208 1114 2279 volonum
1133 2209 1226 2279 mili·
1326 2228 1331 2237 '

165 2334 260 2409 tum,
281 2322 344 2417 qui
363 2336 613 2419 pugnaverant
632 2320 794 2416 segniuS,
811 2343 880 2388 nec
900 2319 938 2388 in
957 2332 1070 2389 castra
1086 2321 1226 2416 irrupe-

163 2446 245 2501 rant
267 2431 392 2518 simul,
417 2446 517 2502 metu
537 2455 654 2528 poenae
678 2429 807 2499 collem
829 2427 928 2498 hand
952 2429 1078 2525 procul
1103 2431 1227 2500 castris

165 2552 349 2635 ceperunt.
372 2544 520 2628 Postero
539 2539 597 2610 die
615 2564 680 2636 per
698 2538 866 2610 tribunos
884 2538 1037 2608 militum
1056 2537 1141 2609 inde
1163 2540 1226 2612 de·

165 2649 282 2733 ducti,
303 2649 481 2718 concione
499 2648 653 2718 militum
673 2648 875 2719 advocataa
894 2647 1078 2735 Graccho,
1096 2674 1227 2748 snper-

165 2759 329 2829 veninnt.
341 2756 414 2827 Ubi
427 2782 540 2852 quum
554 2757 750 2854 proconsul
759 2771 898 2826 veteres
912 2757 1043 2828 milites
1055 2762 1227 2854 primum,

167 2881 276 2964 prout
294 2866 470 2961 cujusque
481 2867 594 2936 virtus
607 2880 716 2962 atque
730 2889 840 2962 opera
851 2867 889 2935 in
898 2891 941 2936 ea
954 2892 1076 2964 pugna
1092 2868 1226 2958 fuerat,

166 2975 380 3046 militaribus
399 2974 503 3044 donis
522 2974 702 3061 donasset,
716 2988 820 3061 tunc,
842 2972 943 3068 quod
959 2973 1005 3044 ad
1020 2976 1168 3047 volones
1182 2991 1230 3046 at·

168 3088 318 3173 tineret,
336 3108 477 3169 omnm,
494 3085 558 3171 ait,
576 3082 684 3152 malle
711 3082 879 3152 laudatos
896 3107 919 3150 a
940 3106 996 3169 se,
1025 3082 1151 3178 dignos
1173 3091 1229 3154 in·

168 3199 387 3294 dignosque,
406 3219 520 3290 quam
539 3218 759 3292 quemquam
777 3215 818 3261 eo
837 3191 894 3260 dte
912 3197 1123 3287 castigatam
1142 3218 1226 3263 esse.

171 3307 281 3400 Quod
296 3308 446 3389 bonum,
459 3305 647 3395 faustum,
655 3301 829 3398 felixque
849 3301 1059 3396 reipublice²
1077 3308 1229 3398 nascique
1268 3310 1272 3324 “

169 3432 276 3500 esset,
295 3439 418 3485 omnes
434 3437 495 3484 eos
512 3412 641 3483 liberos
661 3437 735 3482 esse
742 3411 885 3504 jubere.
903 3410 959 3481 Ad
978 3435 1087 3509 qnam
1103 3436 1229 3482 vocem

170 3547 284 3619 quum
298 3523 433 3593 clamor
446 3498 585 3620 ingenti
599 3521 776 3592 alacritate
789 3520 948 3592 sublatus
963 3536 1071 3609 esset,
1082 3546 1231 3594 acnnnc

169 3747 269 3787 norum,
282 3730 370 3778 deinde
380 3731 424 3796 sig.
434 3732 590 3794 perturbata,
601 3743 680 3796 postr.
761 3731 785 3778 3.
797 3733 831 3778 Et
843 3747 872 3777 ea
887 3730 968 3795 major
975 3748 1037 3795 pars
1050 3731 1172 3794 equitum,-
1181 3734 1231 3782 vid.

171 3821 224 3858 teta
237 3809 340 3873 impulsa
354 3809 434 3866 aciem
443 3810 500 3857 vide
513 3812 542 3869 Ι,
556 3818 639 3871 14‚n.
653 3811 681 3869 83
726 3807 755 3856 ad
766 3809 867 3866 xxm,
878 3809 921 3866 35,
933 3826 957 3857 n.
969 3817 992 3864 4.

171 3891 209 3948 11,
219 3904 266 3945 ao,
278 3904 304 3936 n.
315 3889 347 3947 3,
360 3901 385 3936 et
393 3889 469 3948 VIII,
482 3905 510 3951 9,
524 3906 550 3936 n
560 3905 585 3952 9.
761 3894 784 3942 4.
798 3886 872 3948 Quod
879 3887 973 3935 domini
981 3888 1159 3953 cognovissem
1176 3891 1233 3940 vide

207 3966 682 4031 2.Propecoatinentiagmine,·vid.ad
726 3964 757 4012 ad
767 3968 818 4024 III,
836 3982 880 4025 10,
894 3983 919 4016 n.
934 3982 957 4014 1.
974 3994 1009 4002 —
1028 3968 1148 4016 Concione
1160 3970 1233 4020 advo-

172 4047 198 4104 1,
211 4060 258 4109 29,
270 4061 296 4091 n.
309 4044 332 4093 5.
726 4057 798 4103 cata,
809 4046 899 4094 omisso
907 4047 1022 4105 militum,
1034 4048 1179 4098 dantmnlti.
1189 4051 1234 4099 Eo.

271 4133 343 4202 IV.
1025 4132 1082 4203 26'
