2782 4568
183 258 306 366 3:332:
379 280 477 345 Lm.
507 279 612 345 xxl.
640 279 743 347 cap.
772 282 855 347 xx.
885 279 989 345 xnl.
1168 282 1208 361 n

160 402 280 473 Galliae
302 399 458 470 conciliis
479 398 573 468 dicta
591 398 808 494 auditaque:
833 424 901 469 nec
919 397 1097 494 hospitale
1113 398 1216 493 quid-

159 533 268 605 quam
292 523 502 605 pacatumve
525 509 607 577 satis
630 510 730 604 prius
753 508 938 596 auditum,
962 531 1071 603 quam
1092 509 1216 578 Massi-

157 619 240 689 liam
255 643 395 688 venere.
413 617 468 688 lbi
482 619 604 687 omnia
615 621 642 704 4,
661 616 707 687 ab
726 620 830 689 sociis
850 620 1019 714 inquisita
1036 642 1120 688 cum
1134 641 1218 687 cura

159 754 198 799 ac
219 728 308 817 fide,
331 729 491 825 cognita,
508 745 789 823 praeoccupatos
806 733 886 822 lum
905 746 990 798 ante
1008 728 1056 797 ab
1076 732 1217 796 Hanni-

160 839 244 909 bale
254 838 443 909 Gallorum
452 844 591 907 ant'mos
601 862 686 907 esse.
698 839 770 906 Sed
779 863 825 906 ne
834 837 890 907 illi
896 838 1045 933 quedem
1058 843 1127 932 ipsi
1134 842 1219 906 satis

160 954 279 1017 mitem
296 963 437 1044 gentem
448 949 537 1035 sore
557 946 675 1038 (odeo
684 947 829 1034 ferocia
849 963 957 1042 atque
973 948 1148 1017 Indomita
1167 951 1219 1016 in-

158 1063 266 1152 genia
287 1058 398 1147 esse),
418 1061 457 1124 ni
476 1053 631 1125 subinde
653 1079 761 1137 anm,
787 1055 889 1145 cnjus
911 1056 1114 1127 avidissima
1133 1081 1222 1150 gens

161 1160 244 1250 est⁵‚
259 1170 467 1260 princepum
481 1168 598 1232 animi
614 1164 854 1232 concilientur.
876 1169 929 1234 lta
948 1169 1143 1262 peragratis
1161 1167 1224 1234 Hi-

161 1274 291 1369 spaniae
305 1288 341 1343 et
353 1273 477 1342 Galliae
492 1272 653 1368 populis,
663 1271 770 1368 legati
779 1277 928 1345 Romam
939 1276 1109 1364 redeunt,
1123 1275 1223 1346 haud

161 1384 209 1452 ita
226 1383 343 1452 rnulto
364 1396 464 1478 post,
482 1405 591 1479 quam
611 1381 778 1452 consules
797 1383 834 1450 in
852 1385 1054 1479 provincias
1071 1384 1224 1481 profecti

161 1506 276 1563 erant.
293 1493 483 1561 Civitatem
504 1516 650 1562 ornnem
665 1492 704 1561 in
722 1494 1026 1589 exspectationem
1043 1494 1130 1565 belli
1146 1519 1224 1565 ere·

160 1598 281 1672 ctam6
294 1601 528 1689 invenerunt,
549 1603 632 1672 satis
648 1617 836 1675 constante
855 1602 967 1693 fama,
984 1605 1059 1698 jam
1078 1604 1223 1676 Iberum

161 1716 296 1781 Poenos
316 1712 559 1781 transmisisse.
657 1729 659 1732 ⁴
901 1788 902 1791 Ἴ

210 1825 304 1890 XXI.
329 1819 523 1909 Hannibal,
548 1825 707 1917 Sagunto
731 1836 855 1920 capto,
881 1824 1135 1922 Carthaginem
1159 1849 1225 1893 no·

164 1956 244 2000 vam
259 1932 296 1999 in
311 1929 463 2001 hiberna
479 1948 724 2002 concesserat:
739 1931 882 2029 ibique,
899 1933 1049 2021 auditis,
1064 1958 1144 2028 qun
1161 1938 1228 2002 Ro·

164 2065 250 2128 mae,
271 2065 424 2136 quaeque
442 2042 657 2138 Carthagine
679 2057 756 2113 acta
777 2041 994 2138 decretaque
1011 2042 1155 2129 forent,
1178 2068 1228 2112 se-

165 2176 235 2246 que
254 2176 330 2220 non
349 2150 478 2220 ducem
497 2152 634 2240 solum,
652 2152 716 2223 sed
735 2155 841 2222 etiam
868 2177 1011 2222 causam
1026 2175 1102 2221 esse
1121 2149 1228 2234 belli,

164 2261 304 2356 partitis
320 2260 584 2359 divenditisque
603 2263 766 2360 reliquiis
783 2263 930 2361 praedae,
945 2262 1035 2332 nihil
1052 2262 1146 2332 ultra
1164 2261 1228 2332 dif-

165 2367 354 2441 ferendum
375 2384 492 2461 ratuS,
516 2373 658 2469 hispani
681 2374 823 2469 generis
845 2372 1003 2442 milites¹
1031 2385 1227 2441 convocat:

167 2509 184 2544 ι(
205 2481 322 2551 Credo
342 2507 408 2578 ego
426 2507 512 2570 vos,
530 2484 670 2579 inquit,
690 2485 796 2573 socii,
815 2498 850 2553 et
867 2485 962 2579 ipsos
982 2507 1148 2567 cernere,
1170 2507 1229 2578 pa-

166 2619 182 2653 «
201 2592 287 2661 catis
307 2590 477 2663 omnibus
495 2594 674 2690 Hispaniae
693 2593 858 2690 populis,
873 2609 936 2663 aut
952 2590 1149 2662 finiendam
1164 2616 1227 2660 no·

169 2731 186 2766 «
202 2701 258 2773 bis
272 2705 453 2793 militiam,
473 2707 726 2800 exercitusque
740 2704 975 2775 dimittendos
995 2727 1091 2788 esse,
1111 2715 1172 2770 aut
1191 2701 1229 2770 in

169 2842 186 2876 «
206 2811 290 2882 alias
303 2828 413 2886 terras
426 2813 720 2884 transferendum
733 2814 870 2885 bellum
884 2841 892 2882 :
906 2817 954 2884 ita
969 2815 1065 2884 enim
1078 2813 1133 2882 hae
1148 2836 1229 2907 gen·

170 2953 186 2986 «
210 2937 264 2994 tes
281 2913 355 2994 nou
372 2927 468 3022 pacis
482 2925 621 3010 solum,
637 2924 701 2996 sed
721 2927 828 2995 etiam
848 2925 1025 3009 victoriae,
1044 2922 1152 2991 honis
1166 2920 1229 2988 sso-

168 3064 184 3098 ιι
205 3033 356 3123 rebant,
372 3038 400 3105 si
414 3061 459 3106 ex
473 3036 548 3107 aliis
563 3035 732 3130 gentibus
751 3034 907 3132 praedam
923 3050 958 3103 et
972 3033 1123 3128 gloriam
1137 3054 1231 3124 quae⁰

168 3221 303 3270 —Caetera
315 3225 430 3290 indigua,
442 3226 487 3272 alia
496 3223 527 3282 i.‚
541 3236 569 3271 ut
578 3225 676 3289 passim.
757 3225 780 3270 5.
794 3223 866 3287 Cujus
879 3222 1018 3270 avidissima
1028 3230 1149 3292 gemes&
1161 3217 1231 3264 debe·

169 3300 207 3348 Cf.
220 3300 296 3349 Drak'.
404 3297 406 3300 ⁵
721 3303 764 3350 bat
776 3301 838 3365 poni
849 3300 883 3347 sit
895 3318 903 3346 :
914 3311 955 3346 aut
968 3313 999 3346 ex
1014 3297 1078 3344 Livii
1094 3312 1149 3354 ore,
1164 3296 1231 3359 quasi

205 3387 228 3434 4.
240 3381 282 3428 Ibi
292 3382 375 3429 omnia
382 3417 390 3439 ,
403 3384 435 3430 ab
447 3383 517 3431 sociis
527 3382 677 3449 (Massilien-
721 3376 1232 3445 perparenthesin,di0tumaceipe;bauer.

170 3458 251 3517 sibus,
264 3460 295 3508 de
306 3477 410 3524 quorum
418 3461 468 3510 fide
481 3463 546 3509 conf.
561 3479 614 3526 cap.
627 3461 678 3519 26,
721 3449 757 3495 —'
769 3457 872 3504 Vossius
889 3455 995 3517 conjecit
1011 3466 1085 3510 esset,
1105 3470 1177 3517 quem
1195 3470 1231 3502 re-

170 3538 258 3596 xxn,
273 3555 317 3602 19,
333 3552 357 3588 et
371 3531 460 3606 Polyb.
471 3543 522 3600 111,
537 3540 587 3606 95)
599 3539 677 3604 inqui·
722 3535 853 3603 prehendit
863 3536 960 3584 Walch.
972 3533 1073 3582 Emend.
1081 3551 1107 3598 p.
1120 3535 1176 3594 193.
1186 3535 1231 3583 En.
1327 3578 1334 3587 ⁴

166 3615 229 3673 sita,
240 3618 358 3682 coguitaa
367 3620 575 3667 Romanis-Ibi
582 3619 677 3684 cognita
758 3619 782 3665 6.
794 3620 825 3662 In
838 3614 1041 3679 exspectationem
1052 3613 1108 3661 belli
1115 3625 1233 3671 erectam

169 3706 224 3741 sunt
234 3697 328 3755 omnia,
340 3698 497 3762 quippequae
506 3685 678 3758 Massilienses,
723 3697 779 3744 vide
788 3695 819 3743 ad
830 3698 870 3752 11,
881 3696 927 3753 54,
942 3711 967 3741 n.
982 3709 1022 3740 12.

170 3775 336 3822 Romanorum
350 3777 426 3833 socii,
440 3794 495 3824 cum
509 3793 565 3824 cura
583 3794 611 3824 ac
630 3775 678 3824 lide
758 3776 819 3822 Can.
828 3776 901 3820 XXI.
917 3789 939 3818 1.
954 3771 1059 3836 Hispani
1067 3771 1163 3838 generis
1169 3771 1232 3818 mili·

170 3852 337 3919 inquisierant.
347 3857 628 3920 En.—-Proeoccupatos
638 3873 680 3902 an-
725 3867 773 3909 tes,
795 3852 1018 3917 praestantissimam
1037 3853 1157 3900 exercitus
1178 3867 1235 3914 par-

173 3941 209 3986 te,·
219 3933 286 3994 quod
299 3946 379 3980 antee
390 3936 452 3982 MSS
462 3935 551 3996 adjecit
560 3935 633 3983 Drak.
642 3935 679 3983 Cf.
725 3945 781 3981 tem.
796 3933 868 3981 Conl.
882 3932 997 3991 XXVII,
1016 3941 1058 3992 [4,
1071 3945 1095 3980 et
1109 3931 1139 3978 ad
1154 3930 1200 3979 Sil,
1209 3931 1233 3983 Ι,

172 4009 265 4070 adul,
280 4015 326 4070 23,
340 4030 365 4059 n.
380 4030 400 4058 1.
726 4028 777 4060 220
792 4029 842 4074 seq.
1213 4002 1217 4012 ⁹
