2782 4568
159 328 223 426 178
578 329 618 393 r.
650 326 789 394 Livii
1065 301 1192 404 tter.

153 450 297 538 cidunt;
310 449 516 545 raptimque
527 448 647 518 omnia
658 469 885 544 praepropere
897 442 1053 539 agendo,
1062 446 1221 514 militum

154 569 353 658 apparatu⁷
375 557 518 628 nautica
545 557 741 627 ministeria
767 553 1037 652 impediuntur,
1058 552 1219 649 trepida·

154 673 254 741 tione
270 683 463 739 nautarum
481 692 609 764 capere
626 680 662 738 et
680 679 803 763 aptare
817 689 915 735 arma
931 664 1033 734 miles
1048 661 1220 760 prohibe-

155 794 227 850 tur.
249 784 294 849 Et
304 781 378 873 jam
391 782 574 848 Romanus
587 801 662 847 non
682 774 998 873 appropinquabat
1011 773 1137 860 modo,
1156 773 1223 844 sed

156 889 335 960 direxerat
351 890 458 959 etiam
476 889 513 957 in
528 912 688 984 pugnam
701 911 817 957 naves.
828 892 955 981 Itaque
969 910 1045 955 non
1059 883 1104 954 ab
1116 883 1223 956 haste

156 1012 192 1068 et
207 997 332 1094 praelio
346 998 457 1093 magis
473 998 594 1085 Poeni,
610 1021 719 1093 quam
733 1009 875 1067 suomet
887 996 954 1092 ipsi
966 995 1126 1065 tumultu
1141 1007 1224 1064 tur-

156 1107 251 1190 bati,
264 1121 400 1178 tentata
410 1107 529 1178 verius
543 1131 682 1204 pugna,
697 1130 806 1203 quam
821 1106 928 1190 inita,
943 1106 982 1174 in
993 1103 1114 1200 fugam
1129 1127 1225 1173 aver
1279 1138 1282 1143 ⁴

157 1232 281 1288 terunt
293 1215 453 1289 classem.
462 1223 506 1288 Et
518 1241 632 1315 quum
647 1215 785 1288 adversi
799 1217 912 1284 amnis
922 1211 983 1284 os⁸
995 1215 1067 1284 lato
1082 1218 1225 1310 agmine

158 1352 199 1398 ac
220 1343 293 1399 tam
308 1327 430 1396 multis
455 1326 561 1396 simul
582 1323 813 1396 venientibus
835 1323 933 1400 haud
952 1348 1036 1395 sane
1056 1323 1225 1395 intrabile

159 1449 271 1524 esset,
288 1435 425 1506 inlitus
441 1435 572 1529 passim
587 1458 696 1504 naves
712 1447 863 1530 egerunt
879 1459 887 1501 :
908 1447 1018 1529 atque
1031 1432 1091 1503 alii
1105 1431 1224 1520 vadis,

160 1546 220 1617 alii
239 1548 333 1617 sicco
352 1546 457 1617 litore
480 1545 637 1640 excepti,
657 1545 787 1640 partim
807 1544 953 1628 armati,
973 1544 1103 1640 partim
1128 1545 1225 1614 iner-

159 1679 253 1742 mes,
265 1653 311 1726 ad
325 1656 537 1743 instructam
552 1677 617 1750 per
632 1653 716 1724 litus
731 1655 843 1725 aciem
857 1677 1007 1724 suorum
1023 1651 1224 1750 perfugere.

67 1781 71 1787 ‘
159 1767 249 1834 Duae
270 1777 392 1833 tamen
413 1764 530 1860 primo
550 1787 731 1835 concursu
752 1778 864 1862 captae
882 1778 983 1834 erant
1008 1764 1148 1861 punicae
1167 1789 1227 1835 na·

161 1895 243 1959 ves,
269 1885 427 1967 quatuor
452 1894 659 1970 suppressae.

209 1985 285 2051 XX.
304 1983 472 2071 Romani,
485 2007 695 2079 quanquam
710 1999 805 2054 terra
814 1983 973 2054 hostium
986 1996 1062 2054 erat
1073 1994 1100 2070 ¹,
1114 2007 1227 2054 arma·

162 2105 309 2188 tamque
333 2093 443 2162 aciem
471 2105 550 2162 toto
573 2108 785 2190 praetentam
807 2095 845 2163 in
866 2093 995 2164 litore²
1013 2091 1227 2182 cernebant,
1276 2102 1279 2106 ’

162 2201 261 2272 haud
275 2217 488 2297 cunctanter
502 2204 686 2301 insequuti
700 2203 878 2302 trepidam
891 2204 1050 2276 hostium
1065 2203 1229 2291 classem,

82 2384 85 2389 ,
162 2336 272 2382 naves
285 2336 412 2384 omnes
422 2367 432 2401 ,
444 2338 525 2410 quae
538 2340 615 2385 non
630 2329 691 2385 aut
705 2313 952 2412 perfregerant
968 2310 1113 2411 proras³
1124 2313 1229 2383 litore

166 2485 217 2532 tar,
238 2487 322 2524 eontra
339 2493 440 2525 ancoras
456 2478 568 2525 nondum
586 2478 677 2527 levatas
722 2478 815 2527 emend.
827 2481 937 2527 Gronov.
948 2480 1020 2528 Obss.
1030 2480 1075 2538 tv,
1089 2479 1132 2527 26.
1143 2506 1179 2515 —
1188 2479 1230 2524 In·

130 2594 133 2614 ,
166 2555 676 2620 navemquetenentes.Navesduplieivin·
720 2570 837 2605 structam
850 2575 895 2621 per
908 2560 964 2607 litus
978 2560 1071 2616 cciem;
1084 2557 1151 2606 conf.
1162 2557 1231 2623 prim·

167 2631 223 2678 culo
236 2631 389 2692 tenebantur,
401 2634 556 2681 ancoralibus
565 2635 597 2681 ad
607 2651 678 2684 anco·
721 2638 813 2701 cipium
825 2639 920 2702 capitis.

166 2725 206 2765 ras
224 2710 319 2773 alligata
334 2727 425 2775 prora,
442 2714 521 2777 puppi
536 2730 595 2761 vero
614 2715 674 2774 oris,
756 2717 817 2765 Car.
832 2717 893 2763 XX.
907 2733 930 2765 r.
949 2719 1023 2764 Terra
1037 2717 1143 2766 hostium
1158 2728 1231 2774 erate

167 2788 184 2835 i.
198 2805 219 2835 e.
235 2789 393 2849 rudentibus,
406 2790 440 2837 ad
456 2793 603 2851 retinacula,
622 2810 677 2858 quae
719 2793 777 2841 vide
791 2795 821 2842 ad
832 2797 912 2855 XXI,
922 2797 969 2853 30,
981 2813 1007 2844 n.
1023 2796 1046 2844 5.

169 2877 238 2914 erant
246 2867 273 2913 in
281 2866 370 2932 portu,
382 2883 428 2916 seu
437 2870 524 2919 litore:
539 2873 677 2920 statueban-
757 2889 782 2920 2.
797 2874 882 2921 Aciem
891 2886 941 2921 toto
947 2886 1094 2938 praetentam
1109 2874 1135 2920 in
1148 2874 1231 2932 litore,⁸

169 2957 210 2994 tur
230 2948 296 2994 enim
313 2948 455 3012 plerumque
474 2951 508 2998 ita
526 2968 616 3012 naves,
633 2963 677 3010 ut,
721 2951 779 2999 vide
789 2953 821 2999 ad
833 2955 872 3012 X,
885 2970 915 3013 a,
929 2970 955 3000 n.
965 2955 990 3001 3.
1003 2955 1066 3001 Mox
1076 2953 1104 3003 rb
1115 2969 1165 3000 non
1176 2961 1231 3001 aute

168 3026 248 3090 puppi
260 3027 357 3075 inlitus
369 3030 679 3094 versa‚proraaltumspe-
722 3042 768 3078 aut
777 3031 946 3096 perfregerant
963 3032 1107 3090 delendum,
1122 3043 1164 3080 aut
1177 3041 1233 3079 ante

170 3115 261 3164 etaret3
272 3105 364 3153 Stroth.
378 3106 450 3156 Conf.
461 3110 538 3156 Gron.
550 3110 622 3157 Obss.
634 3111 679 3168 IV,
719 3108 890 3174 perfiegerant
900 3110 1044 3174 ponendum
1053 3107 1155 3175 putabat
1166 3109 1232 3159 Peri-

171 3181 212 3229 26.
223 3211 258 3219 —
270 3185 309 3231 Ne
320 3184 382 3248 quid
394 3196 485 3244 teneat,
501 3189 630 3236 ancoralia
644 3189 680 3235 in·
725 3188 930 3238 nonius-Cum
941 3190 1069 3237 Perizonio
1079 3189 1137 3236 facit
1148 3188 1234 3238 Creve-

173 3260 272 3318 eidunt,·
282 3279 306 3311 v.
316 3263 356 3322 11,
368 3263 400 3310 63
409 3298 416 3319 ,
426 3281 452 3312 n.
467 3266 494 3323 3,
508 3277 532 3313 et
543 3268 681 3324 XXXVII,
725 3267 789 3326 rius,
798 3269 854 3330 quia
860 3268 1045 3331 intelligendum
1055 3280 1091 3315 est
1098 3264 1234 3316 navesPce·

174 3341 221 3398 30,
234 3357 259 3387 n.
272 3353 298 3399 7:
313 3343 376 3389 Mox
396 3344 534 3407 raptimque
552 3346 635 3393 ornnia
652 3363 683 3393 ac
725 3361 814 3393 norum
829 3347 931 3394 intrasse
947 3363 975 3394 os
993 3349 1086 3406 atmiis,
1098 3359 1172 3411 atque
1186 3347 1234 3395 boe

168 3433 338 3484 praepropere,
360 3431 388 3467 ut
403 3420 522 3485 ferociter
544 3424 627 3470 omnia
652 3441 682 3471 ae
726 3424 801 3472 modo
815 3426 1072 3484 evasisse;easautem
1082 3431 1235 3490 qumquem

167 3511 325 3561 praepropere
336 3498 383 3561 leg.
397 3487 453 3546 cum
464 3501 556 3560 Gron.‚
566 3503 614 3550 nisi
619 3520 683 3566 prce·
724 3503 787 3549 illud
799 3503 889 3550 intrare
902 3521 953 3550 non
966 3506 1118 3569 potuissent,
1128 3516 1170 3553 aut
1182 3520 1238 3569 per*

169 3591 275 3638 propere
286 3588 322 3623 est
334 3578 413 3639 glossa
422 3583 465 3629 τοῦ
476 3579 579 3641 raptim.
598 3582 636 3630 Cf.
651 3581 683 3628 ad
726 3581 847 3644 fregerant
862 3599 947 3646 proras
963 3585 989 3630 in
1003 3585 1090 3642 litore,
1101 3595 1144 3631 aut
1160 3583 1236 3631 hoese·

174 3653 259 3712 XXV,
272 3655 313 3712 15,
324 3672 349 3701 n.
359 3657 383 3704 6.
726 3672 781 3707 rant
794 3661 821 3707 in
830 3661 912 3720 vadis,
925 3679 939 3709 a
951 3663 1068 3710 Romanis
1079 3675 1162 3727 captas
1176 3677 1237 3710 esse.

212 3749 235 3791 7.
249 3733 355 3779 Militum
366 3747 504 3798 apparata,
518 3737 636 3786 militibus
645 3755 683 3786 ar·
727 3741 807 3801 Quare
820 3740 847 3786 in
861 3743 1004 3789 sententiam
1019 3741 1119 3789 doctiss.
1129 3743 1239 3790 vlromm

176 3824 215 3855 ma
228 3812 375 3873 aptantibus.
729 3828 833 3865 transeo.
848 3821 893 3866 En.

213 3889 237 3935 8.
256 3890 335 3949 Quum
353 3892 449 3940 adversi
464 3892 545 3958 (conf.
558 3894 590 3942 ad
607 3898 685 3956 XXI,
766 3898 789 3944 3.
803 3901 893 3945 Prcras
905 3899 976 3946 litore
987 3898 1075 3956 illisas,
1088 3899 1152 3947 forte
1166 3897 1239 3946 litori.

178 3965 224 4022 28,
234 3982 257 4013 n
268 3968 295 4032 4)
305 3971 384 4018 amnis
393 3988 419 4018 os
430 3972 517 4037 (supra
525 3975 612 4021 ostium
621 3975 687 4023 Iberi
729 3977 870 4039 -Quidam
877 3978 950 4025 codd.
957 3978 1046 4027 litoreis
1054 3996 1063 4026 :
1071 3995 1103 4025 an
1113 3978 1240 4026 litoribus?

178 4045 255 4092 amnis
270 4046 392 4112 dixerat),
405 4050 455 4098 lato
466 4052 573 4115 agmine,
584 4064 644 4111 etc,
655 4072 685 4103 ex
729 4058 784 4104 Hoc
797 4058 872 4120 magis
886 4057 992 4120 placeret
1002 4074 1074 4120 quam
1088 4057 1166 4105 litore.
1177 4057 1222 4104 un.
