2782 4568
192 298 218 398 l}
232 293 256 398 l:
270 293 316 410 3333
341 316 434 383 Lm.
453 315 600 382 xxur.
621 311 724 382 cnr.
745 316 929 382 xxxin.
952 317 1129 384 xxxrv.
1152 311 1221 388 335

166 460 260 507 nova
276 437 442 506 societate
458 449 532 503 tam
551 433 635 503 clari
651 434 743 530 regis
762 433 862 504 laetus
874 433 1090 523 admodum,
1102 435 1223 508 hostes

165 572 234 644 pro
253 545 456 645 hospitibus
474 545 625 614 comiter
645 545 781 641 accepit
795 570 803 611 :
817 544 896 633 dat,
915 546 979 641 qui
998 568 1225 642 prosequan-

164 671 241 743 tur,
256 657 383 726 itiuera
398 678 480 726 cum
495 674 580 724 cura
595 652 861 744 demonstrent,
875 679 954 751 quae
969 655 1046 724 loca
1057 679 1226 752 ¹quosque

165 766 291 852 saltus,
307 780 368 835 aut
384 769 584 851 RomanuS,
599 777 660 833 aut
673 762 794 834 hostes
808 778 967 835 teneant.
982 763 1224 861 Xenophanes

163 902 230 975 per
245 877 406 974 praesidia
422 900 571 946 romana
585 876 623 945 in
640 877 889 972 Campaniam,
904 876 1007 963 inde,
1023 901 1095 971 qua
1107 879 1226 973 proxi·
1262 884 1266 892 '

163 1012 265 1058 mum
286 985 373 1074 fuit,
388 989 436 1056 ¹in
461 1001 574 1058 castra
594 984 804 1089 Hannibalis
828 988 1013 1084 pervenit,
1034 984 1225 1084 foedusque

164 1122 246 1169 cum
264 1123 308 1171 eo
329 1113 437 1194 atque
457 1097 646 1168 amicitiam
665 1097 785 1192 junxit
806 1096 946 1195 legibus
963 1093 1045 1167 his⁵
1055 1123 1062 1164 :
1080 1113 1122 1168 ut
1137 1099 1222 1168 Pha

164 1205 282 1304 lippus
295 1233 360 1278 rea
374 1233 486 1304 quam
497 1212 663 1277 maxima
675 1205 783 1278 classe
792 1207 981 1300 (ducentas
988 1225 1110 1278 autem
1119 1232 1225 1281 nares

163 1316 355 1388 uidebatur
368 1318 571 1410 ffsecturm)
587 1322 624 1385 in
637 1315 784 1386 Italiam
798 1318 994 1409 trajiceret,
1012 1331 1047 1386 et
1063 1306 1227 1388 uastaret

164 1433 380 1497 maritimam
394 1451 497 1496 oram
511 1454 522 1496 ε
535 1425 747 1523 bellumpro
753 1443 862 1523 parte
874 1453 943 1498 sua
953 1443 1046 1498 terra
1059 1433 1224 1524 marique

155 1552 304 1631 gereret.
331 1537 401 1606 Ubi
417 1535 635 1607 debellatum
655 1552 761 1624 esset,
780 1537 891 1608 Italia
911 1542 1024 1608 omnis
1039 1563 1122 1608 cum
1146 1543 1223 1635 ipsa

162 1647 247 1716 urbe
262 1652 374 1727 Roma
396 1647 739 1744 Carthaginiensium
760 1665 865 1744 atque
879 1647 1098 1721 Hannibalis
1113 1665 1219 1733 esset,

157 1757 362 1855 predaque
376 1763 489 1835 omnis
504 1755 703 1827 Hannibali
714 1757 856 1828 cederet.
870 1758 1078 1828 Perdomita
1091 1753 1219 1842 Italia,

162 1873 373 1961 navigarent
390 1872 427 1936 in
450 1872 648 1954 Graeciam,
672 1865 887 1964 heliamque,
910 1894 991 1943 cum
1014 1866 1143 1961 quibus
1164 1891 1222 1936 re-

158 1975 267 2073 gibus
279 1974 479 2075 placeretss,
500 1993 694 2071 gererent:
715 2001 799 2074 quoe
817 1982 974 2048 civitates
992 1981 1217 2063 continentis,

161 2111 245 2184 quta
259 2087 386 2159 insulta
400 2087 453 2158 ad
465 2087 719 2158 Macedoniam
732 2103 905 2182 vergunt,
922 2100 977 2158 ete
987 2087 1152 2184 Philippi
1169 2111 1220 2156 re·

158 2200 293 2292 gaique
312 2199 389 2291 ejus
407 2214 523 2268 essent.

208 2297 366 2366 XXXIV.
396 2301 438 2365 ln
461 2295 526 2366 has
548 2293 661 2367 ferme
682 2295 779 2393 leges
800 2296 894 2367 inter
914 2301 1065 2365 Poenum
1090 2293 1221 2363 ducem

143 2400 368 2501 legatosque
387 2405 630 2476 Macedonum
653 2408 763 2493 ictum
785 2405 925 2496 foedus,
943 2405 1113 2500 missique
1137 2427 1221 2483 cum

160 2510 202 2578 iis
216 2511 261 2580 ad
279 2515 372 2609 regis
388 2515 500 2611 ipsius
516 2513 731 2587 firmandam
749 2515 883 2588 fidem1
902 2517 1025 2614 legati,
1041 2515 1169 2610 Gisgo,
1183 2527 1219 2582 et

161 2722 205 2767 ter,
220 2722 266 2759 etc.
278 2710 379 2758 Abalus
390 2715 631 2776 roxpraetorabest
643 2727 667 2763 et
710 2730 783 2778 ursini
788 2714 931 2782 firmandas
936 2713 1005 2781 fide
1028 2713 1119 2762 seilicet
1135 2712 1219 2778 leges:

160 2789 195 2836 sic
208 2766 278 2836 facite
294 2789 406 2837 excidere
419 2793 509 2854 potuit.
522 2796 591 2840 Inter
603 2792 667 2858 dese·
711 2809 767 2840 nam
769 2793 874 2860 firmare
874 2793 954 2860 fidem
964 2793 1053 2841 dicitur
1063 2803 1116 2841 tum
1123 2793 1145 2839 is
1154 2794 1220 2858 ipse,

159 2868 285 2916 ctionesv
304 2884 324 2917 s.
337 2867 448 2916 Valerius
460 2885 523 2917 nora
538 2872 664 2927 societate,
711 2887 754 2934 qui
746 2869 900 2918 fidemase
909 2871 989 2920 datam
998 2872 1102 2920 arcuore
1112 2871 1220 2935 quodam

159 2959 206 2996 ete.
218 2963 302 2994 omnes
313 2947 369 2995 edd.
381 2959 437 2994 ante
448 2949 539 2997 Stroth.
552 2951 600 2998 Sed
609 2966 667 3014 pro·
711 2948 810 2996 vinculo
823 2948 963 3012 adstringit,
972 2949 1011 2996 vel
1023 2966 1065 3012 qur
1072 2951 1220 3012 argumentis

159 3027 240 3090 prium
250 3027 342 3075 Valerii
353 3041 443 3075 nomen
451 3028 478 3074 in
484 3028 552 3076 nullo
563 3029 613 3077 fere
620 3030 666 3077 MS
710 3038 735 3076 et
744 3042 824 3074 rerum
835 3026 987 3076 documentis
998 3043 1061 3085 rem,
1074 3043 1146 3090 mam
1156 3027 1220 3076 affir-

156 3107 286 3170 reperitur.
709 3107 800 3164 mavit,
816 3105 968 3170 probabilem
981 3116 1107 3154 etcertum
1125 3105 1218 3167 reddit;

113 3209 115 3214 ·
194 3187 218 3234 5.
233 3185 366 3250 Foedusque
380 3201 434 3233 cum
449 3201 477 3232 eo
490 3196 564 3249 atque
581 3185 666 3232 amici·
709 3195 761 3232 tum
772 3201 811 3231 res
820 3185 953 3248 ipsa‚quae
965 3181 1040 3230 fldem
1053 3185 1129 3233 lacit:
1145 3185 1219 3233 adeo-

159 3263 218 3312 tiam
221 3265 309 3329 junxit
319 3265 409 3329 legibus
422 3264 471 3322 lu's,
487 3275 549 3324 eto.;
562 3265 619 3312 vide
632 3275 667 3312 to·
710 3279 757 3326 que
765 3262 893 3328 Philippus
901 3261 1219 3329 rectefimmrefidemllan-

117 3340 121 3346 ’
160 3355 207 3391 tam
228 3345 327 3393 foederis
346 3345 473 3392 formulam
494 3345 560 3410 apud
577 3343 665 3409 Polyb.
709 3341 904 3405 nibalialegatis
917 3341 966 3388 suis
978 3339 1070 3400 datam,
1085 3357 1137 3389 non
1145 3341 1219 3406 legati

159 3423 223 3478 vn,
232 3437 261 3482 9,
271 3440 357 3486 exque
367 3425 439 3472 etiam
446 3436 526 3488 patet,
537 3422 666 3487 Xenoplia
709 3419 853 3468 Hannibalis
856 3420 962 3487 firmare
963 3418 1044 3486 fidem
1054 3419 1162 3483 Plrib'ppi
1170 3421 1220 3470 diei

159 3515 213 3546 nem
222 3500 295 3547 fnisse
301 3503 486 3563 Atheniensem,
494 3515 518 3551 et
525 3503 665 3552 Cleomachi
707 3510 811 3563 possunt
819 3521 831 3541 n
842 3516 849 3558 ;
863 3499 928 3550 nuk.
935 3498 1067 3562 vulgatum
1077 3498 1168 3546 Stroth.
1178 3516 1218 3548 ex·

159 3577 244 3628 fllium.
707 3578 795 3641 ponit:
807 3577 839 3625 ad
850 3575 993 3624 firmandam
1005 3593 1019 3624 a
1032 3592 1088 3641 rege
1097 3575 1170 3624 fidem
1180 3593 1218 3625 ac·

194 3659 218 3704 6.
241 3657 299 3704 Cum
323 3658 406 3720 quibus
427 3660 521 3723 regibus
537 3659 664 3723 placeret,·
708 3656 862 3721 cipiendam3
876 3655 1218 3721 utadessent,qnumarege

159 3735 239 3783 malim
257 3733 320 3798 regi,
344 3747 381 3794 et,
398 3752 412 3784 e
428 3738 570 3785 melioribus
583 3738 663 3798 MSS,
708 3736 763 3801 ipso
771 3733 833 3782 fides
841 3732 959 3782 firmanda
969 3745 1047 3782 esset:
1060 3733 1217 3797 quemadmo-

158 3830 260 3878 quoeque
274 3815 374 3870 iaudat,¹
395 3815 472 3863 Gron.
491 3818 563 3869 ¹1¹'0rtn
576 3828 600 3865 et
616 3818 663 3881 leg.
708 3814 764 3862 dum
779 3812 843 3861 mitti
857 3812 970 3860 adludat
983 3813 1173 3878 agendosetiam
1186 3813 1218 3861 de

158 3903 291 3957 vergerent.
707 3909 738 3941 us
746 3893 795 3941 dici
804 3903 899 3957 potest
919 3909 961 3955 qur
972 3904 1106 3956 spectatum
1116 3893 1217 3940 mittun·

193 3971 573 4036 Csr.XXX1V.1.Adregis
591 3973 664 4038 ipsius
708 3983 763 4030 tur,
782 3988 828 4019 nec
841 3971 889 4036 ipss
881 3970 974 4019 ludos
987 3980 1069 4035 egunt
1089 3974 1123 4019 At
1142 3972 1216 4032 Doer.

153 4049 304 4118 firmandam
318 4049 417 4114 fidem
441 4052 529 4100 «torte
549 4051 586 4099 ad
602 4053 664 4118 regis
708 4051 740 4099 ad
750 4049 824 4098 fidem
837 4049 1002 4116 abipsorege
1015 4048 1170 4130 firmsudm3
1188 4058 1217 4096 ut
