2782 4568
172 292 242 384 27s
594 290 633 357 r.
665 291 804 359 mvn
1081 272 1214 375 aaut

169 413 356 510 spirarent.
382 416 432 480 Ea
456 436 503 482 ne
528 409 678 499 fierent,
700 436 772 482 neu
796 410 930 507 legatio
955 411 1163 484 mitteretur
1189 413 1240 485 ad

168 526 337 609 Poennm,
352 545 491 592 summa
507 544 576 618 ope
592 521 723 592 Decius
736 517 910 618 Magius⁶,
922 519 976 590 vir
996 521 1054 591 cui
1070 518 1116 591 ad
1131 545 1239 595 susu-

167 658 263 703 mam
282 632 533 704 auctoritatem
554 629 662 717 nihil,
683 643 813 727 praeter
830 655 953 702 sanam
971 631 1103 703 civium
1124 656 1237 705 men·

168 755 260 830 tem,
283 738 418 825 defuit,
440 741 629 810 restiterat.
653 744 703 811 Ut
724 764 812 812 vero
838 738 1045 838 praesidium
1062 742 1158 812 mitti
1185 741 1235 815 ab

165 849 367 922 Hannibale
385 848 539 936 audivit,
560 849 685 946 Pyrrhi
703 849 897 948 superbam
921 850 1236 945 dominationem,
1287 883 1290 887 ’

164 959 479 1058 miserabilemque
502 961 779 1033 Tarentinorum
799 962 1007 1033 servitutem
1017 973 1043 1050 ⁷,
1063 965 1236 1065 exempla

162 1069 341 1159 referens,
351 1072 489 1168 primo,
505 1067 553 1142 ne
563 1071 785 1169 reciperetur
800 1070 1003 1170 praesidium
1012 1126 1023 1162 ,
1032 1073 1150 1170 palam
1164 1099 1233 1147 vo-

104 1197 107 1202 ·
164 1181 332 1271 ciferatus
346 1195 421 1252 est:
439 1181 588 1270 deinde,
602 1196 644 1254 ut
655 1196 842 1281 receptum
854 1196 916 1254 aut
930 1182 1131 1277 ejiceretur,
1145 1193 1231 1274 aut,

164 1295 193 1365 si
210 1294 346 1365 malum
363 1290 519 1381 facinus,
534 1291 635 1391 quod
652 1317 674 1364 a
691 1293 938 1366 vetustissimis
952 1294 1056 1365 sociis
1076 1318 1232 1369 consm-

164 1399 401 1501 guineisque⁸
420 1400 649 1493 defecissent,
664 1401 749 1475 lorti
765 1428 807 1475 ac
824 1402 1049 1476 memorabili
1066 1402 1232 1480 facinore

164 1539 320 1613 purgare
332 1513 484 1601 vellent,
497 1527 559 1602 ut,
572 1512 765 1586 interfecto
779 1515 916 1612 punico
928 1514 1110 1612 pracsidio,
1124 1516 1230 1589 resti·
1291 1525 1294 1531 '

163 1639 309 1698 tuerent
334 1650 372 1698 se
397 1625 578 1696 Romanis.
599 1630 682 1696 Hoec
703 1627 843 1723 (neque
861 1626 958 1698 enim
977 1625 1121 1699 occulte
1142 1650 1230 1725 ege·

162 1733 313 1830 bantur)
333 1759 449 1835 quum
466 1733 578 1805 relata
598 1733 792 1806 Hannibali
810 1749 950 1825 essent,
967 1736 1087 1834 primo
1108 1736 1230 1827 misit,

164 1845 229 1940 qui
239 1857 412 1916 vocarent
424 1847 583 1942 Magium
597 1845 643 1916 ad
657 1869 735 1917 sese
746 1845 785 1916 in
797 1860 931 1921 castra:
947 1845 1093 1934 deinde,
1107 1870 1237 1944 quum.

121 1985 125 1997 ·
163 1955 193 2023 is
215 1952 385 2041 ferociter
406 1968 569 2051 negasset
591 1979 629 2026 se
654 1957 791 2027 iturum
814 1956 902 2052 (nec
920 1958 1017 2030 enim
1032 1955 1229 2031 Hannibali

160 2052 220 2160 jus
236 2089 312 2137 esse
330 2067 369 2135 in
385 2066 499 2137 civem
516 2066 769 2164 campanum),
789 2069 988 2141 concitatus
1004 2067 1058 2139 ira
1073 2070 1229 2157 Poenus,

161 2174 422 2273 comprehendi
432 2174 636 2264 hominem,
646 2177 881 2271 vinctumque
893 2176 1024 2249 attrahi
1036 2175 1081 2249 ad
1093 2200 1133 2248 se
1145 2177 1227 2277 jus·

161 2288 215 2357 sit.
225 2288 371 2358 Veritus
385 2286 533 2371 deinde,
547 2275 699 2382 nequid
712 2287 807 2357 inter
819 2285 893 2356 vim
905 2287 1100 2374 tumultus,
1112 2299 1226 2385 atque

161 2421 206 2467 ex
226 2396 466 2467 concitatione
485 2395 689 2464 animorum
707 2394 904 2484 inconsulti
923 2395 1129 2466 certaminis
1148 2397 1225 2465 ori-

159 2520 273 2593 retur,
284 2506 377 2602 ipse,
391 2503 573 2602 praemisso
585 2504 716 2573 nuntio
726 2503 772 2574 ad
782 2505 941 2576 Marium
947 2505 1122 2592 Blosium,
1134 2528 1224 2604 prae·

157 2628 275 2685 torem
295 2621 545 2710 campanum9,
570 2627 721 2709 postero·
740 2611 797 2685 die
820 2640 857 2686 se
878 2619 1011 2711 Capuae
1030 2611 1222 2705 futurum,

158 2721 398 2822 proficiscitur
420 2747 440 2793 e
462 2722 584 2793 castris
609 2747 691 2794 cum
717 2723 861 2795 modico
884 2724 1059 2822 praesidio.
1083 2726 1222 2797 Matius

159 2835 333 2906 concione
357 2834 528 2905 advocata
553 2835 677 2923 edicit,
698 2849 740 2906 ut
756 2833 965 2934 frequentes
983 2860 1067 2908 cum
1089 2835 1221 2931 conju·

159 2942 323 3042 gibus'ac
340 2942 462 3015 liberis
478 2941 621 3014 obviam
639 2946 733 3017 irent
748 2945 951 3017 Hannibali.
971 2944 1026 3015 Ab
1042 2947 1220 3019 universis

194 3183 218 3228 6.
232 3180 320 3228 Decius
332 3179 445 3246 Magiuss
457 3180 522 3228 conl.
530 3180 664 3238 Velleium,
744 3197 767 3242 7.
777 3179 865 3243 Pyrrhi
873 3182 1001 3245 superbam
1012 3179 1217 3238 dominacionem,

159 3262 196 3318 II,
210 3261 260 3327 163,
268 3259 311 3307 Sil.
320 3261 372 3319 XI,
384 3259 432 3306 155
445 3275 481 3322 sq.
493 3260 540 3319 377
552 3276 602 3323 sq.;
612 3259 663 3306 cio.
707 3260 912 3324 »instabilemque
924 3259 1109 3307 Tarentinorum
1120 3259 1218 3307 servitu-

158 3341 245 3402 Agrar.
261 3341 301 3397 11,
318 3339 349 3393 34
361 3373 369 3398 ,
383 3349 408 3386 et
424 3339 472 3385 Pis.
487 3340 534 3386 11.
553 3338 665 3386 Decimus
708 3350 770 3395 uns,
784 3350 811 3387 ut
824 3339 949 3402 exempla,
965 3338 1069 3402 referens
1078 3356 1088 3386 .·
1103 3353 1160 3386 mm
1173 3339 1218 3386 Ta-

157 3417 268 3482 Maga'us,
284 3427 309 3465 et
322 3431 380 3463 mox
396 3419 431 3463 Μ.
445 3429 487 3465 aut
502 3417 664 3466 M'.Blosinns
707 3417 797 3465 mutini
816 3428 869 3466 tum
885 3433 898 3464 a
915 3417 1011 3482 Pyrrho
1029 3432 1085 3479 rege
1104 3428 1128 3463 et
1145 3417 1217 3465 socio

157 3496 252 3545 emend.
269 3495 369 3559 Sigon,
382 3511 413 3541 ne
430 3495 479 3543 duo
494 3496 603 3558 gentium
618 3511 663 3544 no·
706 3512 765 3554 suo,
776 3507 841 3553 urm,
851 3507 908 3560 post
922 3495 1027 3543 reditum
1042 3495 1095 3555 ejus
1105 3495 1133 3542 in
1145 3498 1215 3544 Gr»

156 3577 221 3623 mina
234 3576 375 3638 jungantur.
389 3573 520 3621 EnImvero
536 3573 624 3621 Decius
639 3585 665 3622 et
708 3575 805 3632 ciam,a
817 3574 926 3632 mone,
936 3591 1009 3637 quern
1017 3575 1159 3638 praefectum
1166 3574 1218 3622 illis

156 3656 250 3703 Marius
265 3655 338 3702 ctiam
350 3653 500 3718 praenomina
513 3654 596 3712 luere,
611 3669 664 3701 non
707 3654 849 3717 reliquerat,
859 3652 951 3702 duriter
962 3664 1030 3701 arant
1040 3652 1149 3711 tractati;
1161 3652 1216 3701 vid.

155 3750 254 3781 romana
268 3733 381 3796 quidem,
393 3743 418 3780 at
427 3732 562 3797 peregrina.
573 3733 664 3781 Confm
707 3733 771 3780 Plut.
780 3731 866 3796 Pyrrh.
876 3749 903 3797 p.
915 3732 1216 3794 392-397;7.0nar.vt11,

153 3811 272 3860 Indicam.
289 3812 408 3860 Ceterum
425 3826 472 3876 pro
489 3811 596 3859 Blosium
611 3812 663 3875 qni·
706 3811 857 3876 23Appian.
869 3811 900 3859 de
912 3811 974 3859 Reb.
987 3811 1157 3858 Samnitllxc.
1170 3811 1194 3857 8.

154 3890 209 3937 dam
219 3891 277 3938 libri
288 3891 420 3949 Blossium,
433 3902 494 3940 utet
505 3894 618 3951 xxvit,
632 3893 660 3950 35
740 3891 764 3937 8.
777 3888 852 3936 Sociis
865 3889 1108 3954 consanguineisque,
1122 3893 1212 3937 Ruma-

154 3969 220 4032 spnd
233 3970 286 4018 Cic.
298 3971 357 4034 Agr.
370 3971 410 4030 11,
422 3977 471 4033 443
484 3960 607 4020 ds'bmic.
620 3985 659 4030 ιι,
704 3970 750 4017 nis.
760 3968 833 4018 Couf.
844 3984 898 4032 cap.
911 3976 926 4025 4
939 3979 1000 4018 extr.

154 4058 177 4094 et
188 4047 251 4096 Plut.
265 4049 368 4097 Graccb.
381 4067 407 4114 p.
420 4051 479 4111 827.
739 4063 765 4110 9.
773 4047 898 4097 Praemissc
906 4047 991 4097 aiensis
1000 4047 1037 4096 nd
1043 4046 1151 4095 Marium
1159 4048 1214 4094 uts-
