<?xml version="1.0" encoding="UTF-8"?>
<!DOCTYPE html PUBLIC "-//W3C//DTD XHTML 1.0 Transitional//EN"
    "http://www.w3.org/TR/xhtml1/DTD/xhtml1-transitional.dtd">
<html xmlns="http://www.w3.org/1999/xhtml" xml:lang="en" lang="en">
 <head>
  <title>
</title>
<meta http-equiv="Content-Type" content="text/html;charset=utf-8" />
  <meta name='ocr-system' content='tesseract 3.04.00' />
  <meta name='ocr-capabilities' content='ocr_page ocr_carea ocr_par ocr_line ocrx_word'/>
</head>
<body>
  <div class='ocr_page' id='page_1' title='image "./titusliviuspata06freigoog_0192.png"; bbox 0 0 2782 4568; ppageno 0'>
   <div class='ocr_carea' id='block_1_1' title="bbox 162 257 1196 362">
    <p class='ocr_par' dir='ltr' id='par_1_1' title="bbox 162 257 1196 362">
     <span class='ocr_line' id='line_1_1' title="bbox 162 257 1196 362; baseline -0.005 -13"><span class='ocrx_word' id='word_1_1' title='bbox 162 257 288 362; x_wconf 56' lang='grc' dir='ltr'>ᾑςξςςςζῑ</span> <span class='ocrx_word' id='word_1_2' title='bbox 322 280 420 346; x_wconf 79' lang='lat' dir='ltr'>mr.</span> <span class='ocrx_word' id='word_1_3' title='bbox 446 280 574 346; x_wconf 77' lang='lat' dir='ltr'>xxti.</span> <span class='ocrx_word' id='word_1_4' title='bbox 601 278 710 346; x_wconf 76' lang='lat' dir='ltr'>car.</span> <span class='ocrx_word' id='word_1_5' title='bbox 737 276 869 343; x_wconf 81' lang='lat' dir='ltr'>xxii.</span> <span class='ocrx_word' id='word_1_6' title='bbox 895 274 1050 341; x_wconf 80' lang='lat' dir='ltr'>xxm.</span> <span class='ocrx_word' id='word_1_7' title='bbox 1128 270 1196 344; x_wconf 82' lang='lat'>185</span> 
     </span>
    </p>
   </div>
   <div class='ocr_carea' id='block_1_2' title="bbox 39 386 1201 3129">
    <p class='ocr_par' dir='ltr' id='par_1_2' title="bbox 136 386 1200 716">
     <span class='ocr_line' id='line_1_2' title="bbox 137 386 1197 496; baseline -0.004 -27"><span class='ocrx_word' id='word_1_8' title='bbox 137 423 307 496; x_wconf 90' lang='lat' dir='ltr'>armaque</span> <span class='ocrx_word' id='word_1_9' title='bbox 322 397 503 494; x_wconf 83' lang='lat' dir='ltr'>extemplo</span> <span class='ocrx_word' id='word_1_10' title='bbox 519 386 618 468; x_wconf 82' lang='lat' dir='ltr'>mota</span> <span class='ocrx_word' id='word_1_11' title='bbox 631 395 768 484; x_wconf 88' lang='lat' dir='ltr'>forent,</span> <span class='ocrx_word' id='word_1_12' title='bbox 779 396 818 465; x_wconf 95' lang='lat' dir='ltr'>ni</span> <span class='ocrx_word' id='word_1_13' title='bbox 831 393 962 476; x_wconf 84' lang='lat' dir='ltr'>hiems,</span> <span class='ocrx_word' id='word_1_14' title='bbox 972 416 1053 488; x_wconf 83' lang='lat' dir='ltr'>quae</span> <span class='ocrx_word' id='word_1_15' title='bbox 1065 396 1197 465; x_wconf 87' lang='lat' dir='ltr'>Roma·</span> 
     </span>
     <span class='ocr_line' id='line_1_3' title="bbox 136 502 1200 607; baseline -0.005 -27"><span class='ocrx_word' id='word_1_16' title='bbox 136 535 204 580; x_wconf 90' lang='lat' dir='ltr'>nos</span> <span class='ocrx_word' id='word_1_17' title='bbox 231 532 378 605; x_wconf 92' lang='lat' dir='ltr'>quoque</span> <span class='ocrx_word' id='word_1_18' title='bbox 406 521 442 578; x_wconf 91' lang='lat' dir='ltr'>et</span> <span class='ocrx_word' id='word_1_19' title='bbox 471 507 787 607; x_wconf 84' lang='lat' dir='ltr'>Carthaginienses</span> <span class='ocrx_word' id='word_1_20' title='bbox 812 502 1013 576; x_wconf 81' lang='lat' dir='ltr'>concedere</span> <span class='ocrx_word' id='word_1_21' title='bbox 1041 503 1080 572; x_wconf 91' lang='lat' dir='ltr'>in</span> <span class='ocrx_word' id='word_1_22' title='bbox 1104 516 1200 575; x_wconf 79' lang='lat' dir='ltr'>tecta</span> 
     </span>
     <span class='ocr_line' id='line_1_4' title="bbox 137 618 553 716; baseline -0.007 -25"><span class='ocrx_word' id='word_1_23' title='bbox 137 621 272 716; x_wconf 84' lang='lat' dir='ltr'>coegit,</span> <span class='ocrx_word' id='word_1_24' title='bbox 291 618 553 688; x_wconf 88' lang='lat' dir='ltr'>intervenisset.</span> 
     </span>
    </p>

    <p class='ocr_par' dir='ltr' id='par_1_3' title="bbox 39 723 1201 3129">
     <span class='ocr_line' id='line_1_5' title="bbox 99 723 1200 824; baseline -0.003 -27"><span class='ocrx_word' id='word_1_25' title='bbox 99 817 102 823; x_wconf 86' lang='lat'>.</span> <span class='ocrx_word' id='word_1_26' title='bbox 179 731 310 798; x_wconf 89' lang='lat' dir='ltr'><strong>XXIII.</strong></span> <span class='ocrx_word' id='word_1_27' title='bbox 330 732 412 798; x_wconf 85' lang='lat' dir='ltr'>Haec</span> <span class='ocrx_word' id='word_1_28' title='bbox 428 728 466 797; x_wconf 92' lang='lat' dir='ltr'>in</span> <span class='ocrx_word' id='word_1_29' title='bbox 483 727 653 824; x_wconf 87' lang='lat' dir='ltr'>Hispania</span> <span class='ocrx_word' id='word_1_30' title='bbox 667 751 815 823; x_wconf 90' lang='lat' dir='ltr'>quoque</span> <span class='ocrx_word' id='word_1_31' title='bbox 830 723 987 795; x_wconf 89' lang='lat' dir='ltr'>secunda</span> <span class='ocrx_word' id='word_1_32' title='bbox 1002 736 1122 793; x_wconf 84' lang='lat' dir='ltr'>aestate</span> <span class='ocrx_word' id='word_1_33' title='bbox 1137 746 1200 818; x_wconf 93' lang='lat' dir='ltr'>pu·</span> 
     </span>
     <span class='ocr_line' id='line_1_6' title="bbox 137 832 1200 934; baseline -0.002 -28"><span class='ocrx_word' id='word_1_34' title='bbox 137 838 206 917; x_wconf 88' lang='lat' dir='ltr'>uici</span> <span class='ocrx_word' id='word_1_35' title='bbox 224 835 312 908; x_wconf 88' lang='lat' dir='ltr'>belli</span> <span class='ocrx_word' id='word_1_36' title='bbox 330 850 446 934; x_wconf 89' lang='lat' dir='ltr'>gesta,</span> <span class='ocrx_word' id='word_1_37' title='bbox 468 862 581 934; x_wconf 90' lang='lat' dir='ltr'>quum</span> <span class='ocrx_word' id='word_1_38' title='bbox 599 838 639 907; x_wconf 89' lang='lat' dir='ltr'>in</span> <span class='ocrx_word' id='word_1_39' title='bbox 657 837 758 907; x_wconf 91' lang='lat' dir='ltr'>Italia</span> <span class='ocrx_word' id='word_1_40' title='bbox 771 835 921 933; x_wconf 90' lang='lat' dir='ltr'>paulum</span> <span class='ocrx_word' id='word_1_41' title='bbox 940 832 1117 905; x_wconf 91' lang='lat' dir='ltr'>intervalli</span> <span class='ocrx_word' id='word_1_42' title='bbox 1131 832 1200 904; x_wconf 91' lang='lat' dir='ltr'>cla-</span> 
     </span>
     <span class='ocr_line' id='line_1_7' title="bbox 136 942 1200 1032; baseline -0.001 -18"><span class='ocrx_word' id='word_1_43' title='bbox 136 943 243 1015; x_wconf 89' lang='lat' dir='ltr'>dibus</span> <span class='ocrx_word' id='word_1_44' title='bbox 257 947 416 1017; x_wconf 89' lang='lat' dir='ltr'>romanis</span> <span class='ocrx_word' id='word_1_45' title='bbox 434 945 545 1018; x_wconf 90' lang='lat' dir='ltr'>solers</span> <span class='ocrx_word' id='word_1_46' title='bbox 559 947 740 1017; x_wconf 90' lang='lat' dir='ltr'>cunctatio</span> <span class='ocrx_word' id='word_1_47' title='bbox 763 942 862 1015; x_wconf 88' lang='lat' dir='ltr'>Fabii</span> <span class='ocrx_word' id='word_1_48' title='bbox 879 942 1032 1015; x_wconf 86' lang='lat' dir='ltr'>fecisset.</span> <span class='ocrx_word' id='word_1_49' title='bbox 1053 945 1142 1032; x_wconf 89' lang='lat' dir='ltr'>Quae</span> <span class='ocrx_word' id='word_1_50' title='bbox 1157 956 1200 1013; x_wconf 90' lang='lat' dir='ltr'>ut</span> 
     </span>
     <span class='ocr_line' id='line_1_8' title="bbox 134 1049 1200 1141; baseline -0.002 -18"><span class='ocrx_word' id='word_1_51' title='bbox 134 1053 374 1126; x_wconf 89' lang='lat' dir='ltr'>Hannibalem</span> <span class='ocrx_word' id='word_1_52' title='bbox 399 1080 476 1126; x_wconf 90' lang='lat' dir='ltr'>non</span> <span class='ocrx_word' id='word_1_53' title='bbox 506 1054 679 1127; x_wconf 90' lang='lat' dir='ltr'>mediocri</span> <span class='ocrx_word' id='word_1_54' title='bbox 701 1054 896 1125; x_wconf 87' lang='lat' dir='ltr'>sollicitum</span> <span class='ocrx_word' id='word_1_55' title='bbox 918 1077 1005 1124; x_wconf 91' lang='lat' dir='ltr'>cura</span> <span class='ocrx_word' id='word_1_56' title='bbox 1023 1049 1200 1141; x_wconf 86' lang='lat' dir='ltr'>habebat,</span> 
     </span>
     <span class='ocr_line' id='line_1_9' title="bbox 84 1162 1200 1262; baseline -0.001 -29"><span class='ocrx_word' id='word_1_57' title='bbox 84 1252 85 1255; x_wconf 8' lang='grc' dir='ltr'><strong>Ἴ</strong></span> <span class='ocrx_word' id='word_1_58' title='bbox 135 1163 281 1235; x_wconf 89' lang='lat' dir='ltr'>tandem</span> <span class='ocrx_word' id='word_1_59' title='bbox 306 1191 389 1238; x_wconf 89' lang='lat' dir='ltr'>eum</span> <span class='ocrx_word' id='word_1_60' title='bbox 406 1166 542 1237; x_wconf 87' lang='lat' dir='ltr'>militiae</span> <span class='ocrx_word' id='word_1_61' title='bbox 565 1167 799 1262; x_wconf 82' lang='lat' dir='ltr'>magistrum¹</span> <span class='ocrx_word' id='word_1_62' title='bbox 828 1162 1000 1261; x_wconf 85' lang='lat' dir='ltr'>delegisse</span> <span class='ocrx_word' id='word_1_63' title='bbox 1018 1168 1200 1234; x_wconf 89' lang='lat' dir='ltr'>Romanos</span> 
     </span>
     <span class='ocr_line' id='line_1_10' title="bbox 135 1273 1201 1372; baseline 0 -28"><span class='ocrx_word' id='word_1_64' title='bbox 135 1290 362 1362; x_wconf 86' lang='lat' dir='ltr'>cernentem,</span> <span class='ocrx_word' id='word_1_65' title='bbox 376 1278 441 1372; x_wconf 90' lang='lat' dir='ltr'>qui</span> <span class='ocrx_word' id='word_1_66' title='bbox 453 1276 589 1348; x_wconf 88' lang='lat' dir='ltr'>bellum</span> <span class='ocrx_word' id='word_1_67' title='bbox 604 1278 763 1366; x_wconf 91' lang='lat' dir='ltr'>ratione,</span> <span class='ocrx_word' id='word_1_68' title='bbox 774 1301 849 1345; x_wconf 89' lang='lat' dir='ltr'>non</span> <span class='ocrx_word' id='word_1_69' title='bbox 863 1273 1026 1362; x_wconf 85' lang='lat' dir='ltr'>fortuna,</span> <span class='ocrx_word' id='word_1_70' title='bbox 1041 1287 1201 1370; x_wconf 81' lang='lat' dir='ltr'>gereret3</span> 
     </span>
     <span class='ocr_line' id='line_1_11' title="bbox 133 1384 1201 1482; baseline 0.003 -31"><span class='ocrx_word' id='word_1_71' title='bbox 133 1384 183 1453; x_wconf 90' lang='lat' dir='ltr'>ita</span> <span class='ocrx_word' id='word_1_72' title='bbox 200 1399 409 1480; x_wconf 86' lang='lat' dir='ltr'>contempta</span> <span class='ocrx_word' id='word_1_73' title='bbox 427 1400 503 1454; x_wconf 90' lang='lat' dir='ltr'>erat</span> <span class='ocrx_word' id='word_1_74' title='bbox 524 1388 621 1457; x_wconf 92' lang='lat' dir='ltr'>inter</span> <span class='ocrx_word' id='word_1_75' title='bbox 638 1389 750 1475; x_wconf 91' lang='lat' dir='ltr'>cives,</span> <span class='ocrx_word' id='word_1_76' title='bbox 770 1400 927 1456; x_wconf 90' lang='lat' dir='ltr'>armatos</span> <span class='ocrx_word' id='word_1_77' title='bbox 945 1386 1080 1482; x_wconf 89' lang='lat' dir='ltr'>pariter</span> <span class='ocrx_word' id='word_1_78' title='bbox 1097 1398 1201 1480; x_wconf 87' lang='lat' dir='ltr'>toga·</span> 
     </span>
     <span class='ocr_line' id='line_1_12' title="bbox 134 1494 1201 1592; baseline -0.002 -28"><span class='ocrx_word' id='word_1_79' title='bbox 134 1507 280 1590; x_wconf 91' lang='lat' dir='ltr'>tosque;</span> <span class='ocrx_word' id='word_1_80' title='bbox 294 1495 422 1589; x_wconf 86' lang='lat' dir='ltr'>utique</span> <span class='ocrx_word' id='word_1_81' title='bbox 435 1511 647 1592; x_wconf 85' lang='lat' dir='ltr'>postquam,</span> <span class='ocrx_word' id='word_1_82' title='bbox 662 1494 812 1567; x_wconf 87' lang='lat' dir='ltr'>absente</span> <span class='ocrx_word' id='word_1_83' title='bbox 827 1521 893 1582; x_wconf 93' lang='lat' dir='ltr'>eo,</span> <span class='ocrx_word' id='word_1_84' title='bbox 912 1495 1113 1566; x_wconf 88' lang='lat' dir='ltr'>temeritate</span> <span class='ocrx_word' id='word_1_85' title='bbox 1127 1515 1201 1562; x_wconf 91' lang='lat' dir='ltr'>ma·</span> 
     </span>
     <span class='ocr_line' id='line_1_13' title="bbox 133 1604 1199 1701; baseline 0.001 -29"><span class='ocrx_word' id='word_1_86' title='bbox 133 1605 234 1700; x_wconf 87' lang='lat' dir='ltr'>gistri</span> <span class='ocrx_word' id='word_1_87' title='bbox 258 1605 443 1701; x_wconf 89' lang='lat' dir='ltr'>equitum,</span> <span class='ocrx_word' id='word_1_88' title='bbox 462 1604 544 1675; x_wconf 86' lang='lat' dir='ltr'>laeto</span> <span class='ocrx_word' id='word_1_89' title='bbox 563 1607 684 1676; x_wconf 90' lang='lat' dir='ltr'>verius</span> <span class='ocrx_word' id='word_1_90' title='bbox 702 1605 870 1692; x_wconf 83' lang='lat' dir='ltr'>dixerim,</span> <span class='ocrx_word' id='word_1_91' title='bbox 892 1629 1003 1700; x_wconf 90' lang='lat' dir='ltr'>quam</span> <span class='ocrx_word' id='word_1_92' title='bbox 1021 1627 1199 1701; x_wconf 90' lang='lat' dir='ltr'>prospero</span> 
     </span>
     <span class='ocr_line' id='line_1_14' title="bbox 134 1709 1200 1810; baseline -0.002 -26"><span class='ocrx_word' id='word_1_93' title='bbox 134 1728 269 1784; x_wconf 89' lang='lat' dir='ltr'>eventu</span> <span class='ocrx_word' id='word_1_94' title='bbox 279 1723 306 1800; x_wconf 78' lang='lat'>²,</span> <span class='ocrx_word' id='word_1_95' title='bbox 331 1718 533 1810; x_wconf 88' lang='lat' dir='ltr'>pugnatum</span> <span class='ocrx_word' id='word_1_96' title='bbox 558 1714 684 1786; x_wconf 82' lang='lat' dir='ltr'>fuerat.</span> <span class='ocrx_word' id='word_1_97' title='bbox 713 1720 944 1786; x_wconf 83' lang='lat' dir='ltr'>Accesserant</span> <span class='ocrx_word' id='word_1_98' title='bbox 970 1714 1049 1785; x_wconf 82' lang='lat' dir='ltr'>duae</span> <span class='ocrx_word' id='word_1_99' title='bbox 1072 1737 1130 1783; x_wconf 91' lang='lat' dir='ltr'>res</span> <span class='ocrx_word' id='word_1_100' title='bbox 1153 1709 1200 1782; x_wconf 90' lang='lat' dir='ltr'>ad</span> 
     </span>
     <span class='ocr_line' id='line_1_15' title="bbox 134 1822 1201 1920; baseline 0 -26"><span class='ocrx_word' id='word_1_101' title='bbox 134 1822 334 1920; x_wconf 86' lang='lat' dir='ltr'>augendam</span> <span class='ocrx_word' id='word_1_102' title='bbox 346 1824 515 1894; x_wconf 84' lang='lat' dir='ltr'>invidiam</span> <span class='ocrx_word' id='word_1_103' title='bbox 524 1825 709 1896; x_wconf 88' lang='lat' dir='ltr'>dictatoris</span> <span class='ocrx_word' id='word_1_104' title='bbox 720 1853 727 1894; x_wconf 94' lang='lat'><strong>:</strong></span> <span class='ocrx_word' id='word_1_105' title='bbox 740 1851 814 1897; x_wconf 90' lang='lat' dir='ltr'>una</span> <span class='ocrx_word' id='word_1_106' title='bbox 823 1824 949 1897; x_wconf 88' lang='lat' dir='ltr'>fraude</span> <span class='ocrx_word' id='word_1_107' title='bbox 959 1849 1000 1896; x_wconf 91' lang='lat' dir='ltr'>ac</span> <span class='ocrx_word' id='word_1_108' title='bbox 1013 1824 1099 1895; x_wconf 92' lang='lat' dir='ltr'>dolo</span> <span class='ocrx_word' id='word_1_109' title='bbox 1111 1830 1201 1895; x_wconf 91' lang='lat' dir='ltr'>Han·</span> 
     </span>
     <span class='ocr_line' id='line_1_16' title="bbox 134 1932 1201 2033; baseline -0.003 -29"><span class='ocrx_word' id='word_1_110' title='bbox 134 1932 281 2019; x_wconf 88' lang='lat' dir='ltr'>nibalis‚</span> <span class='ocrx_word' id='word_1_111' title='bbox 308 1933 429 2029; x_wconf 87' lang='lat' dir='ltr'>quod,</span> <span class='ocrx_word' id='word_1_112' title='bbox 455 1959 570 2032; x_wconf 89' lang='lat' dir='ltr'>quum</span> <span class='ocrx_word' id='word_1_113' title='bbox 592 1960 612 2005; x_wconf 89' lang='lat' dir='ltr'>a</span> <span class='ocrx_word' id='word_1_114' title='bbox 637 1934 796 2033; x_wconf 87' lang='lat' dir='ltr'>perfugis</span> <span class='ocrx_word' id='word_1_115' title='bbox 821 1938 855 2009; x_wconf 87' lang='lat' dir='ltr'>ei</span> <span class='ocrx_word' id='word_1_116' title='bbox 875 1948 1096 2005; x_wconf 89' lang='lat' dir='ltr'>monstratus</span> <span class='ocrx_word' id='word_1_117' title='bbox 1116 1955 1201 2027; x_wconf 87' lang='lat' dir='ltr'>ager</span> 
     </span>
     <span class='ocr_line' id='line_1_17' title="bbox 135 2040 1199 2140; baseline 0.003 -32"><span class='ocrx_word' id='word_1_118' title='bbox 135 2040 318 2111; x_wconf 88' lang='lat' dir='ltr'>dictatoris</span> <span class='ocrx_word' id='word_1_119' title='bbox 338 2056 449 2131; x_wconf 89' lang='lat' dir='ltr'>esset,</span> <span class='ocrx_word' id='word_1_120' title='bbox 467 2043 636 2115; x_wconf 90' lang='lat' dir='ltr'>omnibus</span> <span class='ocrx_word' id='word_1_121' title='bbox 655 2047 748 2116; x_wconf 90' lang='lat' dir='ltr'>circa</span> <span class='ocrx_word' id='word_1_122' title='bbox 764 2046 842 2116; x_wconf 92' lang='lat' dir='ltr'>solo</span> <span class='ocrx_word' id='word_1_123' title='bbox 862 2047 1027 2140; x_wconf 82' lang='lat' dir='ltr'>aequatis,</span> <span class='ocrx_word' id='word_1_124' title='bbox 1053 2042 1099 2113; x_wconf 88' lang='lat' dir='ltr'>ab</span> <span class='ocrx_word' id='word_1_125' title='bbox 1122 2065 1199 2113; x_wconf 90' lang='lat' dir='ltr'>uno</span> 
     </span>
     <span class='ocr_line' id='line_1_18' title="bbox 134 2145 1200 2249; baseline 0.001 -31"><span class='ocrx_word' id='word_1_126' title='bbox 134 2145 201 2218; x_wconf 80' lang='lat' dir='ltr'>eo³</span> <span class='ocrx_word' id='word_1_127' title='bbox 222 2147 359 2220; x_wconf 84' lang='lat' dir='ltr'>ferrum</span> <span class='ocrx_word' id='word_1_128' title='bbox 380 2152 574 2249; x_wconf 90' lang='lat' dir='ltr'>ignemque</span> <span class='ocrx_word' id='word_1_129' title='bbox 596 2169 633 2225; x_wconf 91' lang='lat' dir='ltr'>et</span> <span class='ocrx_word' id='word_1_130' title='bbox 652 2156 726 2224; x_wconf 81' lang='lat' dir='ltr'>vim</span> <span class='ocrx_word' id='word_1_131' title='bbox 744 2179 891 2225; x_wconf 87' lang='lat' dir='ltr'>omnem</span> <span class='ocrx_word' id='word_1_132' title='bbox 909 2153 1069 2224; x_wconf 91' lang='lat' dir='ltr'>hostium</span> <span class='ocrx_word' id='word_1_133' title='bbox 1087 2149 1200 2221; x_wconf 89' lang='lat' dir='ltr'>absti-</span> 
     </span>
     <span class='ocr_line' id='line_1_19' title="bbox 134 2258 1200 2363; baseline 0.002 -37"><span class='ocrx_word' id='word_1_134' title='bbox 134 2260 212 2329; x_wconf 90' lang='lat' dir='ltr'>neri</span> <span class='ocrx_word' id='word_1_135' title='bbox 229 2259 354 2352; x_wconf 88' lang='lat' dir='ltr'>jussit‚</span> <span class='ocrx_word' id='word_1_136' title='bbox 373 2276 414 2332; x_wconf 91' lang='lat' dir='ltr'>ut</span> <span class='ocrx_word' id='word_1_137' title='bbox 433 2264 567 2334; x_wconf 90' lang='lat' dir='ltr'>occulti</span> <span class='ocrx_word' id='word_1_138' title='bbox 585 2264 737 2359; x_wconf 84' lang='lat' dir='ltr'>alicujus</span> <span class='ocrx_word' id='word_1_139' title='bbox 755 2266 850 2363; x_wconf 88' lang='lat' dir='ltr'>pacti</span> <span class='ocrx_word' id='word_1_140' title='bbox 869 2288 911 2335; x_wconf 88' lang='lat' dir='ltr'>ea</span> <span class='ocrx_word' id='word_1_141' title='bbox 931 2287 1069 2336; x_wconf 88' lang='lat' dir='ltr'>merces</span> <span class='ocrx_word' id='word_1_142' title='bbox 1085 2258 1200 2330; x_wconf 89' lang='lat' dir='ltr'>videri</span> 
     </span>
     <span class='ocr_line' id='line_1_20' title="bbox 132 2370 1201 2473; baseline 0.002 -35"><span class='ocrx_word' id='word_1_143' title='bbox 132 2385 255 2465; x_wconf 89' lang='lat' dir='ltr'>posset</span> <span class='ocrx_word' id='word_1_144' title='bbox 270 2398 278 2438; x_wconf 91' lang='lat'>:</span> <span class='ocrx_word' id='word_1_145' title='bbox 294 2370 404 2441; x_wconf 90' lang='lat' dir='ltr'>altera</span> <span class='ocrx_word' id='word_1_146' title='bbox 418 2373 531 2469; x_wconf 89' lang='lat' dir='ltr'>ipsius</span> <span class='ocrx_word' id='word_1_147' title='bbox 549 2372 662 2463; x_wconf 82' lang='lat' dir='ltr'>fact0,</span> <span class='ocrx_word' id='word_1_148' title='bbox 676 2376 794 2473; x_wconf 88' lang='lat' dir='ltr'>primo</span> <span class='ocrx_word' id='word_1_149' title='bbox 805 2374 956 2446; x_wconf 85' lang='lat' dir='ltr'>forsitan</span> <span class='ocrx_word' id='word_1_150' title='bbox 971 2371 1100 2460; x_wconf 77' lang='lat' dir='ltr'>(lubin,</span> <span class='ocrx_word' id='word_1_151' title='bbox 1115 2370 1201 2466; x_wconf 92' lang='lat' dir='ltr'>quia</span> 
     </span>
     <span class='ocr_line' id='line_1_21' title="bbox 133 2483 1199 2579; baseline 0.001 -30"><span class='ocrx_word' id='word_1_152' title='bbox 133 2503 210 2549; x_wconf 89' lang='lat' dir='ltr'>non</span> <span class='ocrx_word' id='word_1_153' title='bbox 228 2496 431 2578; x_wconf 85' lang='lat' dir='ltr'>exspectata</span> <span class='ocrx_word' id='word_1_154' title='bbox 448 2484 486 2552; x_wconf 92' lang='lat' dir='ltr'>in</span> <span class='ocrx_word' id='word_1_155' title='bbox 505 2508 550 2555; x_wconf 90' lang='lat' dir='ltr'>eo</span> <span class='ocrx_word' id='word_1_156' title='bbox 564 2498 708 2559; x_wconf 89' lang='lat' dir='ltr'>senatus</span> <span class='ocrx_word' id='word_1_157' title='bbox 723 2487 918 2566; x_wconf 86' lang='lat' dir='ltr'>auctoritas</span> <span class='ocrx_word' id='word_1_158' title='bbox 931 2499 1002 2572; x_wconf 81' lang='lat' dir='ltr'>est3</span> <span class='ocrx_word' id='word_1_159' title='bbox 1021 2483 1066 2554; x_wconf 90' lang='lat' dir='ltr'>ad</span> <span class='ocrx_word' id='word_1_160' title='bbox 1084 2495 1199 2579; x_wconf 67' lang='lat' dir='ltr'>eatre-</span> 
     </span>
     <span class='ocr_line' id='line_1_22' title="bbox 39 2586 1199 2690; baseline 0.004 -33"><span class='ocrx_word' id='word_1_161' title='bbox 39 2586 41 2591; x_wconf 69' lang='grc'>’</span> <span class='ocrx_word' id='word_1_162' title='bbox 104 2605 108 2613; x_wconf 85' lang='grc'><strong>’</strong></span> <span class='ocrx_word' id='word_1_163' title='bbox 133 2613 233 2658; x_wconf 91' lang='lat' dir='ltr'>mum</span> <span class='ocrx_word' id='word_1_164' title='bbox 255 2588 353 2661; x_wconf 90' lang='lat' dir='ltr'>haud</span> <span class='ocrx_word' id='word_1_165' title='bbox 370 2593 538 2690; x_wconf 90' lang='lat' dir='ltr'>ambigue</span> <span class='ocrx_word' id='word_1_166' title='bbox 561 2597 601 2664; x_wconf 91' lang='lat' dir='ltr'>in</span> <span class='ocrx_word' id='word_1_167' title='bbox 624 2599 814 2668; x_wconf 81' lang='lat' dir='ltr'>maximam</span> <span class='ocrx_word' id='word_1_168' title='bbox 839 2598 982 2668; x_wconf 89' lang='lat' dir='ltr'>laudem</span> <span class='ocrx_word' id='word_1_169' title='bbox 1009 2617 1133 2682; x_wconf 87' lang='lat' dir='ltr'>versu,</span> <span class='ocrx_word' id='word_1_170' title='bbox 1160 2593 1199 2662; x_wconf 89' lang='lat' dir='ltr'>in</span> 
     </span>
     <span class='ocr_line' id='line_1_23' title="bbox 132 2701 1199 2805; baseline 0.004 -38"><span class='ocrx_word' id='word_1_171' title='bbox 132 2701 379 2794; x_wconf 88' lang='lat' dir='ltr'>permutandis</span> <span class='ocrx_word' id='word_1_172' title='bbox 393 2705 562 2800; x_wconf 88' lang='lat' dir='ltr'>captivis:</span> <span class='ocrx_word' id='word_1_173' title='bbox 578 2706 696 2802; x_wconf 92' lang='lat' dir='ltr'>quod,</span> <span class='ocrx_word' id='word_1_174' title='bbox 710 2709 801 2778; x_wconf 87' lang='lat' dir='ltr'>sicut</span> <span class='ocrx_word' id='word_1_175' title='bbox 819 2709 937 2805; x_wconf 93' lang='lat' dir='ltr'>primo</span> <span class='ocrx_word' id='word_1_176' title='bbox 951 2706 1086 2804; x_wconf 91' lang='lat' dir='ltr'>punico</span> <span class='ocrx_word' id='word_1_177' title='bbox 1100 2701 1199 2774; x_wconf 91' lang='lat' dir='ltr'>bello</span> 
     </span>
     <span class='ocr_line' id='line_1_24' title="bbox 131 2806 1199 2911; baseline 0.004 -33"><span class='ocrx_word' id='word_1_178' title='bbox 131 2806 266 2879; x_wconf 86' lang='lat' dir='ltr'>factum</span> <span class='ocrx_word' id='word_1_179' title='bbox 289 2826 382 2900; x_wconf 88' lang='lat' dir='ltr'>erat,</span> <span class='ocrx_word' id='word_1_180' title='bbox 403 2829 624 2884; x_wconf 86' lang='lat' dir='ltr'>convenerat</span> <span class='ocrx_word' id='word_1_181' title='bbox 647 2817 742 2891; x_wconf 88' lang='lat' dir='ltr'>inter</span> <span class='ocrx_word' id='word_1_182' title='bbox 768 2817 878 2887; x_wconf 90' lang='lat' dir='ltr'>duces</span> <span class='ocrx_word' id='word_1_183' title='bbox 900 2838 1097 2911; x_wconf 85' lang='lat' dir='ltr'>romanum</span> <span class='ocrx_word' id='word_1_184' title='bbox 1117 2837 1199 2909; x_wconf 86' lang='lat' dir='ltr'>poc·</span> 
     </span>
     <span class='ocr_line' id='line_1_25' title="bbox 131 2920 1198 3023; baseline 0 -34"><span class='ocrx_word' id='word_1_185' title='bbox 131 2944 313 3017; x_wconf 89' lang='lat' dir='ltr'>numque,</span> <span class='ocrx_word' id='word_1_186' title='bbox 330 2938 390 3011; x_wconf 90' lang='lat' dir='ltr'>ut,</span> <span class='ocrx_word' id='word_1_187' title='bbox 409 2948 489 3019; x_wconf 89' lang='lat' dir='ltr'>quae</span> <span class='ocrx_word' id='word_1_188' title='bbox 509 2948 591 3020; x_wconf 88' lang='lat' dir='ltr'>pars</span> <span class='ocrx_word' id='word_1_189' title='bbox 609 2925 691 3022; x_wconf 90' lang='lat' dir='ltr'>plus</span> <span class='ocrx_word' id='word_1_190' title='bbox 709 2928 888 3023; x_wconf 88' lang='lat' dir='ltr'>reciperet</span> <span class='ocrx_word' id='word_1_191' title='bbox 897 2927 922 3010; x_wconf 75' lang='grc'>4,</span> <span class='ocrx_word' id='word_1_192' title='bbox 942 2948 1052 3019; x_wconf 90' lang='lat' dir='ltr'>quam</span> <span class='ocrx_word' id='word_1_193' title='bbox 1076 2920 1198 3006; x_wconf 88' lang='lat' dir='ltr'>daret,</span> 
     </span>
     <span class='ocr_line' id='line_1_26' title="bbox 132 3033 1196 3129; baseline -0.004 -28"><span class='ocrx_word' id='word_1_194' title='bbox 132 3033 271 3128; x_wconf 78' lang='lat' dir='ltr'>argenti</span> <span class='ocrx_word' id='word_1_195' title='bbox 291 3033 415 3129; x_wconf 91' lang='lat' dir='ltr'>pondo</span> <span class='ocrx_word' id='word_1_196' title='bbox 436 3033 523 3105; x_wconf 92' lang='lat' dir='ltr'>bina</span> <span class='ocrx_word' id='word_1_197' title='bbox 545 3049 581 3105; x_wconf 91' lang='lat' dir='ltr'>et</span> <span class='ocrx_word' id='word_1_198' title='bbox 601 3035 747 3110; x_wconf 85' lang='lat' dir='ltr'>selibras</span> <span class='ocrx_word' id='word_1_199' title='bbox 770 3037 807 3106; x_wconf 93' lang='lat' dir='ltr'>in</span> <span class='ocrx_word' id='word_1_200' title='bbox 828 3035 980 3109; x_wconf 89' lang='lat' dir='ltr'>militem</span> <span class='ocrx_word' id='word_1_201' title='bbox 1001 3042 1196 3129; x_wconf 71' lang='lat' dir='ltr'>praestaret.</span> 
     </span>
    </p>
   </div>
   <div class='ocr_carea' id='block_1_3' title="bbox 130 3219 1198 3447">
    <p class='ocr_par' dir='ltr' id='par_1_4' title="bbox 130 3219 1198 3447">
     <span class='ocr_line' id='line_1_27' title="bbox 166 3219 1197 3291; baseline -0.005 -19"><span class='ocrx_word' id='word_1_202' title='bbox 166 3221 229 3272; x_wconf 70' lang='lat' dir='ltr'>Car.</span> <span class='ocrx_word' id='word_1_203' title='bbox 243 3225 341 3271; x_wconf 83' lang='lat' dir='ltr'><strong>XXIII.</strong></span> <span class='ocrx_word' id='word_1_204' title='bbox 354 3241 376 3272; x_wconf 90' lang='lat'>1.</span> <span class='ocrx_word' id='word_1_205' title='bbox 394 3228 458 3274; x_wconf 85' lang='lat' dir='ltr'>Eum</span> <span class='ocrx_word' id='word_1_206' title='bbox 472 3224 482 3291; x_wconf 92' lang='lat'>(</span> <span class='ocrx_word' id='word_1_207' title='bbox 489 3226 547 3273; x_wconf 85' lang='lat' dir='ltr'>ride</span> <span class='ocrx_word' id='word_1_208' title='bbox 559 3226 590 3273; x_wconf 88' lang='lat' dir='ltr'>ad</span> <span class='ocrx_word' id='word_1_209' title='bbox 602 3228 640 3284; x_wconf 91' lang='lat'>11,</span> <span class='ocrx_word' id='word_1_210' title='bbox 685 3244 736 3290; x_wconf 83' lang='lat' dir='ltr'>seq.</span> <span class='ocrx_word' id='word_1_211' title='bbox 753 3238 874 3283; x_wconf 84' lang='lat' dir='ltr'>narratur,</span> <span class='ocrx_word' id='word_1_212' title='bbox 893 3241 983 3290; x_wconf 80' lang='lat' dir='ltr'>parem</span> <span class='ocrx_word' id='word_1_213' title='bbox 999 3239 1079 3288; x_wconf 81' lang='lat' dir='ltr'>prope</span> <span class='ocrx_word' id='word_1_214' title='bbox 1102 3219 1197 3268; x_wconf 74' lang='lat' dir='ltr'>cladem</span> 
     </span>
     <span class='ocr_line' id='line_1_28' title="bbox 132 3297 1108 3369; baseline -0.002 -19"><span class='ocrx_word' id='word_1_215' title='bbox 132 3318 178 3364; x_wconf 78' lang='lat'>29,</span> <span class='ocrx_word' id='word_1_216' title='bbox 192 3319 217 3351; x_wconf 89' lang='lat' dir='ltr'>n.</span> <span class='ocrx_word' id='word_1_217' title='bbox 231 3300 262 3366; x_wconf 87' lang='grc'>6)</span> <span class='ocrx_word' id='word_1_218' title='bbox 276 3303 368 3351; x_wconf 68' lang='lat' dir='ltr'>militiae</span> <span class='ocrx_word' id='word_1_219' title='bbox 381 3305 537 3369; x_wconf 82' lang='lat' dir='ltr'>magistrum,</span> <span class='ocrx_word' id='word_1_220' title='bbox 554 3304 641 3352; x_wconf 86' lang='lat' dir='ltr'>ducem</span> <span class='ocrx_word' id='word_1_221' title='bbox 684 3307 791 3353; x_wconf 81' lang='lat' dir='ltr'>Romani</span> <span class='ocrx_word' id='word_1_222' title='bbox 804 3308 900 3369; x_wconf 86' lang='lat' dir='ltr'>experti</span> <span class='ocrx_word' id='word_1_223' title='bbox 913 3297 1108 3366; x_wconf 52' lang='lat' dir='ltr'>fueranttDoer.</span> 
     </span>
     <span class='ocr_line' id='line_1_29' title="bbox 130 3375 1198 3447; baseline -0.004 -17"><span class='ocrx_word' id='word_1_224' title='bbox 130 3382 200 3440; x_wconf 87' lang='lat' dir='ltr'>belli,</span> <span class='ocrx_word' id='word_1_225' title='bbox 212 3393 239 3430; x_wconf 88' lang='lat' dir='ltr'>ut</span> <span class='ocrx_word' id='word_1_226' title='bbox 250 3382 364 3446; x_wconf 79' lang='lat' dir='ltr'>magister</span> <span class='ocrx_word' id='word_1_227' title='bbox 373 3384 479 3447; x_wconf 83' lang='lat' dir='ltr'>equitum</span> <span class='ocrx_word' id='word_1_228' title='bbox 490 3395 515 3431; x_wconf 86' lang='lat' dir='ltr'>et</span> <span class='ocrx_word' id='word_1_229' title='bbox 520 3383 640 3447; x_wconf 76' lang='lat' dir='ltr'>peditum.</span> <span class='ocrx_word' id='word_1_230' title='bbox 721 3385 745 3433; x_wconf 78' lang='lat'>3.</span> <span class='ocrx_word' id='word_1_231' title='bbox 760 3385 800 3431; x_wconf 85' lang='lat' dir='ltr'>Ab</span> <span class='ocrx_word' id='word_1_232' title='bbox 813 3399 904 3444; x_wconf 54' lang='lat' dir='ltr'>unoco</span> <span class='ocrx_word' id='word_1_233' title='bbox 917 3380 1055 3447; x_wconf 84' lang='lat' dir='ltr'>(dictatoris</span> <span class='ocrx_word' id='word_1_234' title='bbox 1067 3376 1136 3444; x_wconf 86' lang='lat' dir='ltr'>agro)</span> <span class='ocrx_word' id='word_1_235' title='bbox 1143 3375 1198 3441; x_wconf 72' lang='lat' dir='ltr'>for·</span> 
     </span>
    </p>
   </div>
   <div class='ocr_carea' id='block_1_4' title="bbox 130 3455 1287 3529">
    <p class='ocr_par' dir='ltr' id='par_1_5' title="bbox 130 3455 1287 3529">
     <span class='ocr_line' id='line_1_30' title="bbox 130 3455 1287 3529; baseline -0.006 -23"><span class='ocrx_word' id='word_1_236' title='bbox 130 3463 243 3507; x_wconf 82' lang='lat' dir='ltr'>-Ineer</span> <span class='ocrx_word' id='word_1_237' title='bbox 252 3461 326 3517; x_wconf 78' lang='lat' dir='ltr'>cives,</span> <span class='ocrx_word' id='word_1_238' title='bbox 343 3474 452 3509; x_wconf 84' lang='lat' dir='ltr'>armatos</span> <span class='ocrx_word' id='word_1_239' title='bbox 460 3462 557 3525; x_wconf 78' lang='lat' dir='ltr'>pariter</span> <span class='ocrx_word' id='word_1_240' title='bbox 570 3474 641 3526; x_wconf 84' lang='lat' dir='ltr'>coga-</span> <span class='ocrx_word' id='word_1_241' title='bbox 684 3464 871 3528; x_wconf 80' lang='lat' dir='ltr'>rumigncmque</span> <span class='ocrx_word' id='word_1_242' title='bbox 879 3462 962 3509; x_wconf 80' lang='lat' dir='ltr'>etvr&#39;m</span> <span class='ocrx_word' id='word_1_243' title='bbox 972 3459 1098 3515; x_wconf 80' lang='lat' dir='ltr'>abstineri,</span> <span class='ocrx_word' id='word_1_244' title='bbox 1108 3455 1197 3515; x_wconf 88' lang='lat' dir='ltr'>arceri,</span> <span class='ocrx_word' id='word_1_245' title='bbox 1283 3510 1287 3529; x_wconf 46' lang='grc' dir='ltr'>Ι</span> 
     </span>
    </p>
   </div>
   <div class='ocr_carea' id='block_1_5' title="bbox 129 3536 1197 4079">
    <p class='ocr_par' dir='ltr' id='par_1_6' title="bbox 131 3536 1197 3607">
     <span class='ocr_line' id='line_1_31' title="bbox 131 3536 1197 3607; baseline -0.004 -21"><span class='ocrx_word' id='word_1_246' title='bbox 131 3550 234 3602; x_wconf 80' lang='lat' dir='ltr'>tosque;</span> <span class='ocrx_word' id='word_1_247' title='bbox 256 3540 313 3586; x_wconf 80' lang='lat' dir='ltr'>vide</span> <span class='ocrx_word' id='word_1_248' title='bbox 335 3540 366 3586; x_wconf 90' lang='lat' dir='ltr'>ad</span> <span class='ocrx_word' id='word_1_249' title='bbox 384 3540 427 3587; x_wconf 90' lang='lat' dir='ltr'>lib.</span> <span class='ocrx_word' id='word_1_250' title='bbox 444 3543 498 3599; x_wconf 89' lang='lat' dir='ltr'>III,</span> <span class='ocrx_word' id='word_1_251' title='bbox 518 3557 571 3605; x_wconf 89' lang='lat' dir='ltr'>cap.</span> <span class='ocrx_word' id='word_1_252' title='bbox 591 3541 639 3599; x_wconf 87' lang='lat'>50,</span> <span class='ocrx_word' id='word_1_253' title='bbox 684 3543 811 3607; x_wconf 86' lang='lat' dir='ltr'>prohiberi</span> <span class='ocrx_word' id='word_1_254' title='bbox 829 3539 900 3607; x_wconf 86' lang='lat' dir='ltr'>(vide</span> <span class='ocrx_word' id='word_1_255' title='bbox 912 3541 980 3598; x_wconf 87' lang='lat' dir='ltr'>adl,</span> <span class='ocrx_word' id='word_1_256' title='bbox 997 3555 1023 3597; x_wconf 89' lang='lat'>1,</span> <span class='ocrx_word' id='word_1_257' title='bbox 1036 3555 1061 3585; x_wconf 90' lang='lat' dir='ltr'>u.</span> <span class='ocrx_word' id='word_1_258' title='bbox 1075 3551 1100 3594; x_wconf 89' lang='lat'>1,</span> <span class='ocrx_word' id='word_1_259' title='bbox 1116 3545 1141 3581; x_wconf 83' lang='lat' dir='ltr'>et</span> <span class='ocrx_word' id='word_1_260' title='bbox 1154 3536 1197 3596; x_wconf 85' lang='lat' dir='ltr'>II,</span> 
     </span>
    </p>

    <p class='ocr_par' dir='ltr' id='par_1_7' title="bbox 130 3613 1196 3761">
     <span class='ocr_line' id='line_1_32' title="bbox 130 3613 1196 3686; baseline -0.018 -8"><span class='ocrx_word' id='word_1_261' title='bbox 130 3633 155 3666; x_wconf 80' lang='lat'>¹¹·</span> <span class='ocrx_word' id='word_1_262' title='bbox 166 3633 188 3666; x_wconf 83' lang='lat'>1·</span> <span class='ocrx_word' id='word_1_263' title='bbox 197 3644 233 3654; x_wconf 87' lang='lat'>··</span> <span class='ocrx_word' id='word_1_264' title='bbox 247 3616 348 3679; x_wconf 59' lang='grc' dir='ltr'>Πθῑφῑῑθῑ</span> <span class='ocrx_word' id='word_1_265' title='bbox 360 3618 416 3665; x_wconf 67' lang='lat' dir='ltr'>Vide</span> <span class='ocrx_word' id='word_1_266' title='bbox 426 3620 463 3677; x_wconf 72' lang='grc' dir='ltr'>Π,</span> <span class='ocrx_word' id='word_1_267' title='bbox 477 3621 524 3679; x_wconf 78' lang='grc'>30,</span> <span class='ocrx_word' id='word_1_268' title='bbox 534 3634 560 3665; x_wconf 87' lang='lat'>¹1·</span> <span class='ocrx_word' id='word_1_269' title='bbox 572 3636 593 3665; x_wconf 89' lang='lat'>1·</span> <span class='ocrx_word' id='word_1_270' title='bbox 684 3639 716 3670; x_wconf 82' lang='lat' dir='ltr'>aa</span> <span class='ocrx_word' id='word_1_271' title='bbox 724 3656 733 3680; x_wconf 89' lang='lat'>,</span> <span class='ocrx_word' id='word_1_272' title='bbox 741 3639 767 3669; x_wconf 89' lang='lat' dir='ltr'>n.</span> <span class='ocrx_word' id='word_1_273' title='bbox 779 3620 807 3686; x_wconf 79' lang='lat'>3)</span> <span class='ocrx_word' id='word_1_274' title='bbox 816 3661 823 3684; x_wconf 89' lang='lat'>‚</span> <span class='ocrx_word' id='word_1_275' title='bbox 830 3618 918 3685; x_wconf 82' lang='lat' dir='ltr'>jussit;</span> <span class='ocrx_word' id='word_1_276' title='bbox 927 3619 994 3667; x_wconf 83' lang='lat' dir='ltr'>conf.</span> <span class='ocrx_word' id='word_1_277' title='bbox 1004 3613 1161 3664; x_wconf 86' lang='lat' dir='ltr'>Plutarchum</span> <span class='ocrx_word' id='word_1_278' title='bbox 1169 3613 1196 3660; x_wconf 90' lang='lat' dir='ltr'>in</span> 
     </span>
     <span class='ocr_line' id='line_1_33' title="bbox 166 3692 1196 3761; baseline -0.004 -19"><span class='ocrx_word' id='word_1_279' title='bbox 166 3711 190 3742; x_wconf 83' lang='lat'>2.</span> <span class='ocrx_word' id='word_1_280' title='bbox 203 3699 270 3742; x_wconf 82' lang='lat' dir='ltr'>Laeto</span> <span class='ocrx_word' id='word_1_281' title='bbox 280 3697 362 3743; x_wconf 79' lang='lat' dir='ltr'>verius</span> <span class='ocrx_word' id='word_1_282' title='bbox 371 3696 488 3754; x_wconf 77' lang='lat' dir='ltr'>dixerim,</span> <span class='ocrx_word' id='word_1_283' title='bbox 500 3714 575 3761; x_wconf 85' lang='lat' dir='ltr'>quam</span> <span class='ocrx_word' id='word_1_284' title='bbox 580 3714 641 3760; x_wconf 84' lang='lat' dir='ltr'>pro·</span> <span class='ocrx_word' id='word_1_285' title='bbox 683 3702 772 3760; x_wconf 80' lang='lat' dir='ltr'>Fabi03</span> <span class='ocrx_word' id='word_1_286' title='bbox 785 3700 896 3750; x_wconf 85' lang='lat' dir='ltr'>Frontin.</span> <span class='ocrx_word' id='word_1_287' title='bbox 906 3703 930 3757; x_wconf 90' lang='lat'>1,</span> <span class='ocrx_word' id='word_1_288' title='bbox 944 3700 973 3756; x_wconf 89' lang='lat'>8,</span> <span class='ocrx_word' id='word_1_289' title='bbox 983 3710 1011 3742; x_wconf 64' lang='lat' dir='ltr'>n:</span> <span class='ocrx_word' id='word_1_290' title='bbox 1019 3710 1049 3754; x_wconf 84' lang='lat'>2,</span> <span class='ocrx_word' id='word_1_291' title='bbox 1060 3705 1084 3741; x_wconf 87' lang='lat' dir='ltr'>ct</span> <span class='ocrx_word' id='word_1_292' title='bbox 1095 3692 1196 3749; x_wconf 85' lang='lat' dir='ltr'>Silium,</span> 
     </span>
    </p>

    <p class='ocr_par' dir='ltr' id='par_1_8' title="bbox 130 3776 859 3842">
     <span class='ocr_line' id='line_1_34' title="bbox 130 3776 859 3842; baseline 0.004 -22"><span class='ocrx_word' id='word_1_293' title='bbox 130 3790 199 3838; x_wconf 85' lang='lat' dir='ltr'>spero</span> <span class='ocrx_word' id='word_1_294' title='bbox 215 3787 315 3822; x_wconf 80' lang='lat' dir='ltr'>eventu:</span> <span class='ocrx_word' id='word_1_295' title='bbox 328 3792 384 3822; x_wconf 90' lang='lat' dir='ltr'>nam</span> <span class='ocrx_word' id='word_1_296' title='bbox 397 3792 434 3822; x_wconf 84' lang='lat' dir='ltr'>res</span> <span class='ocrx_word' id='word_1_297' title='bbox 451 3776 546 3823; x_wconf 86' lang='lat' dir='ltr'>felicius</span> <span class='ocrx_word' id='word_1_298' title='bbox 561 3793 640 3823; x_wconf 79' lang='lat' dir='ltr'>cesse·</span> <span class='ocrx_word' id='word_1_299' title='bbox 683 3781 748 3840; x_wconf 87' lang='lat' dir='ltr'>VII,</span> <span class='ocrx_word' id='word_1_300' title='bbox 762 3780 811 3826; x_wconf 80' lang='lat'>260</span> <span class='ocrx_word' id='word_1_301' title='bbox 821 3795 859 3842; x_wconf 86' lang='lat' dir='ltr'>sq.</span> 
     </span>
    </p>

    <p class='ocr_par' dir='ltr' id='par_1_9' title="bbox 130 3848 1195 3921">
     <span class='ocr_line' id='line_1_35' title="bbox 130 3848 1195 3921; baseline -0.005 -20"><span class='ocrx_word' id='word_1_302' title='bbox 130 3864 179 3910; x_wconf 84' lang='lat' dir='ltr'>rat,</span> <span class='ocrx_word' id='word_1_303' title='bbox 189 3871 260 3916; x_wconf 88' lang='lat' dir='ltr'>quam</span> <span class='ocrx_word' id='word_1_304' title='bbox 273 3855 409 3918; x_wconf 74' lang='lat' dir='ltr'>exspectari</span> <span class='ocrx_word' id='word_1_305' title='bbox 419 3865 532 3918; x_wconf 87' lang='lat' dir='ltr'>potuerat</span> <span class='ocrx_word' id='word_1_306' title='bbox 543 3871 557 3902; x_wconf 87' lang='lat' dir='ltr'>a</span> <span class='ocrx_word' id='word_1_307' title='bbox 567 3866 641 3902; x_wconf 81' lang='lat' dir='ltr'>teme·</span> <span class='ocrx_word' id='word_1_308' title='bbox 719 3867 742 3914; x_wconf 73' lang='grc'>4,</span> <span class='ocrx_word' id='word_1_309' title='bbox 758 3860 818 3920; x_wconf 71' lang='lat' dir='ltr'>Quen</span> <span class='ocrx_word' id='word_1_310' title='bbox 825 3873 887 3921; x_wconf 81' lang='lat' dir='ltr'>pars</span> <span class='ocrx_word' id='word_1_311' title='bbox 892 3855 950 3919; x_wconf 80' lang='lat' dir='ltr'>plus</span> <span class='ocrx_word' id='word_1_312' title='bbox 961 3852 1089 3916; x_wconf 83' lang='lat' dir='ltr'>reciperet,</span> <span class='ocrx_word' id='word_1_313' title='bbox 1101 3848 1195 3901; x_wconf 78' lang='lat' dir='ltr'>scillcet</span> 
     </span>
    </p>

    <p class='ocr_par' dir='ltr' id='par_1_10' title="bbox 129 3929 1196 4004">
     <span class='ocr_line' id='line_1_36' title="bbox 129 3929 1196 4004; baseline -0.008 -26"><span class='ocrx_word' id='word_1_314' title='bbox 129 3933 639 3998; x_wconf 73' lang='lat' dir='ltr'>ritateIllinucii:sederentusnonproprie</span> <span class='ocrx_word' id='word_1_315' title='bbox 684 3938 844 4004; x_wconf 74' lang='lat' dir='ltr'>captivorum,</span> <span class='ocrx_word' id='word_1_316' title='bbox 864 3961 900 3970; x_wconf 86' lang='grc'>-</span> <span class='ocrx_word' id='word_1_317' title='bbox 917 3932 1021 3998; x_wconf 72' lang='lat' dir='ltr'>Argenti</span> <span class='ocrx_word' id='word_1_318' title='bbox 1031 3929 1117 3995; x_wconf 71' lang='lat' dir='ltr'>pondo</span> <span class='ocrx_word' id='word_1_319' title='bbox 1137 3929 1196 3975; x_wconf 77' lang='lat' dir='ltr'>bina</span> 
     </span>
    </p>

    <p class='ocr_par' dir='ltr' id='par_1_11' title="bbox 130 4008 1197 4079">
     <span class='ocr_line' id='line_1_37' title="bbox 130 4008 1197 4079; baseline -0.018 -3"><span class='ocrx_word' id='word_1_320' title='bbox 130 4010 181 4064; x_wconf 76' lang='lat' dir='ltr'>aie</span> <span class='ocrx_word' id='word_1_321' title='bbox 200 4024 296 4079; x_wconf 75' lang='lat' dir='ltr'>poterat</span> <span class='ocrx_word' id='word_1_322' title='bbox 310 4028 426 4078; x_wconf 77' lang='lat' dir='ltr'>prosper,</span> <span class='ocrx_word' id='word_1_323' title='bbox 446 4013 516 4078; x_wconf 75' lang='lat' dir='ltr'>qua,</span> <span class='ocrx_word' id='word_1_324' title='bbox 535 4024 563 4060; x_wconf 88' lang='lat' dir='ltr'>ut</span> <span class='ocrx_word' id='word_1_325' title='bbox 585 4030 639 4077; x_wconf 67' lang='lat' dir='ltr'>cap.</span> <span class='ocrx_word' id='word_1_326' title='bbox 684 4030 708 4066; x_wconf 73' lang='lat' dir='ltr'>n</span> <span class='ocrx_word' id='word_1_327' title='bbox 729 4017 844 4072; x_wconf 62' lang='lat' dir='ltr'>aaron,</span> <span class='ocrx_word' id='word_1_328' title='bbox 866 4014 941 4063; x_wconf 56' lang='lat' dir='ltr'>aaran</span> <span class='ocrx_word' id='word_1_329' title='bbox 964 4011 1110 4062; x_wconf 77' lang='lat' dir='ltr'>dimidiam.</span> <span class='ocrx_word' id='word_1_330' title='bbox 1135 4008 1197 4063; x_wconf 75' lang='lat' dir='ltr'>cca</span> 
     </span>
    </p>
   </div>
   <div class='ocr_carea' id='block_1_6' title="bbox 0 0 1396 4568">
    <p class='ocr_par' dir='ltr' id='par_1_12' title="bbox 0 0 1396 4568">
     <span class='ocr_line' id='line_1_38' title="bbox 0 0 1396 4568; baseline 0 2"><span class='ocrx_word' id='word_1_331' title='bbox 0 0 1396 4568; x_wconf 95' lang='lat' dir='ltr'> </span> 
     </span>
    </p>
   </div>
  </div>
 </body>
</html>
