2782 4568
168 308 238 387 508,
420 336 442 363 ··
562 309 830 379 EXCURSUS
896 362 899 367 ,

163 454 270 518 neque
295 426 427 493 neuere
453 440 579 515 poterat
599 450 655 491 eos
681 428 779 491 tantis
801 424 992 514 ambagibus
1017 427 1180 491 Romam
1200 452 1259 516 pe-

163 532 259 595 tiisse.
277 531 369 595 Falso
382 543 491 593 autem
504 543 592 592 ratus
604 529 669 592 hoc
680 553 700 593 a
714 527 850 613 Polybio
865 527 926 597 lter
937 526 1140 615 designari,
1154 554 1257 618 quam

162 633 215 695 alii
229 631 329 695 cuivis
342 629 492 693 fiduciam
507 628 582 693 dare
597 653 689 693 mens
701 630 870 709 vetuisset,
880 629 1076 693 auctoritati
1092 650 1257 719 compro·

164 734 245 795 batua
263 731 389 818 Polybii
411 730 498 795 ultro
514 730 697 795 sleferebat.
721 730 831 797 Miror·
850 750 925 794 sane
947 725 1089 815 tantum
1117 734 1254 815 virum,

163 855 266 921 quum
282 832 333 897 ,sin
352 831 489 917 Polybio
511 832 650 913 faveret,
673 848 780 897 tamen
803 846 1011 918 nequaquam
1032 834 1254 922 suspicatum
1331 832 1334 839 ’

163 957 249 1016 esse,
266 934 366 997 alium
385 933 469 997 inter
486 934 607 997 Cottias
627 935 858 1020 Penninasqne-
870 934 983 1020 Alpes,
1000 932 1128 999 locuni
1152 955 1254 1024 posse

164 1035 317 1122 cogitari,
348 1035 400 1097 cui
430 1034 569 1098 narratio
598 1035 774 1123 Polybiane
802 1036 917 1099 melius
950 1036 1252 1102 accommodetur}

164 1134 260 1221 (vid.
287 1132 437 1203 Gabbou's
458 1134 691 1199 miscellaneam
707 1135 814 1199 werla
838 1137 910 1199 and
930 1140 1108 1217 ntemoirs;
1137 1161 1159 1202 2
1183 1140 1249 1203 vol.

163 1232 274 1315 in·4⁰,
297 1235 400 1301 Lond.
432 1236 546 1320 1796:
570 1259 653 1301 nova
678 1252 781 1301 exstat
802 1237 921 1300 borum
945 1235 1248 1305 miscellaneorum

163 1358 301 1423 operum
317 1335 453 1405 editio
434 1335 564 1420 bylord
578 1334 750 1425 Sheffielqi
768 1336 871 1405 Lond.
890 1337 994 1419 1814,
1014 1337 1035 1402 5
1053 1339 1125 1405 vol.
1142 1343 1196 1404 in
1196 1341 1246 1421 8⁰

162 1435 269 1523 priore
284 1436 386 1499 multo
400 1435 561 1522 amplior.)

210 1540 304 1623 1794.
314 1536 438 1601 Eodem
448 1538 515 1601 fare
525 1554 670 1654 tempore
681 1508 747 1625 quo
760 1538 881 1603 thbou
893 1518 1082 1604 aPenninis
1096 1540 1243 1629 Alpibus

161 1636 310 1702 recedere
324 1639 547 1727 incipiebat,
518 1663 568 1702 vir
578 1640 611 1705 in
623 1641 738 1728 Anglia
751 1662 883 1726 quoque
897 1658 964 1703 non
976 1639 1139 1728 ignobilis
1149 1643 1242 1706 Whi-

161 1737 261 1819 tuter,
273 1740 461 1827 opinionem
473 1763 570 1827 quum
583 1742 636 1805 ille
646 1738 846 1829 repudiabat,
858 1740 1054 1805 confirmare
1064 1742 1239 1808 nitebatur

162 1842 489 1928 argument-iuquam
500 1842 585 1930 gravi
595 1842 754 1906 cumulata
763 1842 1118 1907 libroinveniinusttlte
1126 1868 1238 1908 course

162 1940 205 2025 pf
211 1942 379 2005 Hannibal
398 1964 473 2006 over
494 1943 545 2005 tlte
563 1944 643 2030 Alps
661 1942 865 2006 ascertained.
882 1940 986 2015 Lond.
1006 1944 1108 2007 avol.
1127 1944 1232 2009 iri-8⁰.

163 2045 239 2124 Quo
255 2044 289 2106 in
309 2066 405 2131 opere
422 2066 489 2107 nou
510 2046 616 2107 solum
639 2059 783 2109 revocata
806 2043 1003 2130 collectaque
1020 2060 1102 2107 sunt
1120 2048 1235 2109 omnia

161 2143 405 2231 qualiacumque
427 2145 461 2211 iu
479 2144 581 2223 hujus·
591 2144 760 2231 opinionis
781 2143 1001 2209 defensionem
1025 2147 1232 2233 composita3

160 2261 194 2307 at
207 2245 283 2307 novi
294 2246 389 2315 etiam
403 2245 577 2332 exponitur
591 2246 716 2310 itineris
732 2245 919 2333 ‹lescriptio,
933 2267 1032 2332 quam
1044 2248 1164 2333 paucis
1178 2248 1233 2314 bic

160 2346 264 2410 verbis
283 2363 480 2413 contractum
496 2347 682 2410 referemus.
700 2347 761 2410 Hic
776 2368 883 2433 neque
900 2346 1034 2434 Polybio
1047 2368 1163 2434 neque
1181 2350 1232 2413 Li-

159 2447 211 2510 rio
230 2448 448 2534 obsequutus,
461 2447 658 2511 Rhodanum
674 2469 692 2509 e
707 2447 841 2535 regione
856 2447 917 2511 vici
927 2448 1036 2511 130ήοὶ
1053 2448 1228 2527 trajectum

159 2549 274 2630 luisse,
291 2550 500 2635 Insulamque
514 2549 726 2636 Allobrogum
744 2549 904 2613 Rhodano
920 2564 952 2612 et
966 2551 1060 2613 Arari
1073 2572 1230 2640 compre·

159 2650 294 2712 hensam
314 2650 506 2731 arbitratur,
521 2649 612 2737 quod
625 2650 690 2729 jam
700 2667 802 2715 antea
817 2652 963 2715 Donatus
981 2652 1179 2735 Acciaiuoli,
1196 2671 1230 2719 et

159 2751 233 2813 clar.
248 2751 439 2830 Menestrier,
454 2752 486 2817 S.
496 2752 523 2814 J.
539 2752 618 2815 Mox
632 2775 708 2815 vcro
724 2752 843 2815 nullius
859 2753 1004 2840 priorum
1016 2753 1163 2843 vestigiis
1181 2751 1231 2818 in-

158 2850 283 2931 sistens,
295 2875 311 2915 a
322 2852 485 2940 Lugduno
496 2851 536 2916 ad
548 2852 712 2916 Genavam
728 2854 934 2936 transcurrit,
947 2870 1228 2945 supervacaneum

157 2967 244 3015 ratus
261 2952 420 3033 indicare,
438 2977 502 3040 qua
518 2953 608 3017 Poeui
623 2953 758 3042 ingressi
775 2952 840 3016 sint
854 2951 914 3014 via.
934 2951 986 3015 Sic
1007 2968 1039 3017 et
1055 2975 1073 3015 a
1089 2953 1228 3018 Genava

158 3053 322 3142 sexaginta
333 3055 435 3118 millia¹
442 3075 596 3140 passuum
608 3076 768 3133 emensus,
776 3051 934 3117 Octoduri
944 3049 1136 3140 (Manzgny)
1149 3072 1229 3119 con·

156 3154 247 3217 sistit.
274 3155 335 3219 Hic
359 3171 556 3236 occurrunt,
579 3170 617 3218 ut
640 3156 708 3243 ipse
731 3155 901 3241 opinatur,
927 3155 1034 3217 lauces
1057 3156 1119 3241 per
1139 3154 1228 3243 'quas
1268 3170 1271 3175 '

156 3254 247 3319 Poeni
263 3256 358 3343 Alpes
375 3256 525 3319 invasere
544 3278 665 3342 :quam
686 3277 761 3318 vere
780 3255 896 3318 urbem
919 3272 1170 3341 expugnarunt,
1188 3281 1226 3325 ea

156 3378 245 3425 nunc
261 3371 394 3425 vocatur
415 3355 710 3439 SarnaBranctier,
722 3379 850 3431 ,novem
873 3355 999 3423 circiter
1020 3356 1123 3421 millia
1147 3381 1244 3445 ρας-ι·

155 3479 252 3519 suum
268 3456 308 3519 ab
325 3455 493 3523 Octoduro
502 3457 643 3531 jdistans.
655 3455 964 3522 :Exercitusdciude
979 3456 1019 3522 ab
1036 3457 1112 3537 loco
1124 3459 1225 3524 dicto

158 3554 292 3621 Orszirras
307 3580 487 3646 regressus,
506 3576 544 3621 ut
558 3560 671 3623 vallem
688 3560 727 3622 da
743 3559 867 3647 Begoes
882 3558 1023 3640 subiret,
1040 3575 1225 3647 postquam

155 3660 299 3747 quinque
316 3676 402 3723 totos
417 3661 486 3723 dies
500 3661 545 3725 ibi
562 3661 799 3748 consumpserit
815 3660 899 3723 inter
917 3660 1069 3746 scopulos
1082 3660 1225 3750 insupe-

154 3762 286 3843 rabiles,
300 3778 379 3824 tunc
392 3760 524 3825 demum
538 3762 572 3824 in
582 3784 701 3849 pagum
714 3761 925 3826 Sancti-Petri
939 3759 1073 3823 nomine
1084 3759 1226 3827 descen-

155 3861 219 3943 dit,
242 3862 286 3925 ita
306 3878 344 3925 ut
365 3863 460 3926 sextis
477 3865 586 3947 castris
606 3863 659 3926 vix
674 3884 790 3926 novem
809 3862 907 3925 millia
926 3882 1076 3925 emensus
1095 3862 1222 3931 fuerit:

153 3984 226 4029 nam
244 3962 320 4026 hinc
338 3962 377 4026 ad
397 3964 567 4031 stationem
588 3963 686 4029 modo
704 3962 848 4043 citatam,
865 3963 1165 4045 sarciebantur,
1185 3990 1223 4035 ea
