2782 4568
163 302 230 376 352
583 308 620 372 r.
654 305 798 374 uivu
1074 291 1204 405 ῧῑὲῑέἑζῐ

159 426 309 512 edema,
327 422 390 494 sed
405 422 587 493 latronum
605 425 734 511 modo,
754 437 964 521 percursant
982 427 1066 496 totis
1085 427 1231 504 finibus

159 567 176 601 «
190 535 322 605 nostris
340 533 597 629 negligentius,
617 559 724 630 quarn
742 536 770 604 si
787 536 822 604 in
839 558 991 606 romano
1004 555 1231 634 vagarentur

159 678 176 712 a
190 670 286 742 agro,
302 651 415 717 Causa
428 659 547 713 autern
561 642 637 714 baec
655 659 706 714 est
716 700 725 732 ,
737 644 836 741 quod
851 670 971 740 neque
983 661 1023 716 tu
1036 645 1228 737 defendis,

158 770 224 827 eet
242 769 365 826 nostra
383 754 572 847 juventus,
596 779 696 849 quae,
716 756 743 824 si
768 755 866 824 domi
889 771 1002 842 esset,
1023 770 1225 850 tutaretur,

158 866 306 935 «omnis
323 861 390 933 sub
411 864 519 959 signis
538 863 665 934 militat
682 866 760 935 tuis.
776 869 851 936 Nec
870 878 924 951 te,
938 891 1006 937 nec
1022 871 1225 941 exercitum

108 1028 111 1035 .
158 991 291 1046 «tuum
319 973 457 1060 norim,
484 973 572 1058 nisi,
596 998 615 1042 a
642 998 717 1070 quo
745 989 797 1044 tot
821 998 987 1045 romanas
1010 978 1103 1047 acies
1126 977 1224 1051 fusas

157 1116 174 1151 (ι
189 1097 387 1181 stratasque
401 1107 477 1154 esse
493 1085 613 1172 sciam,
625 1085 658 1155 ei
670 1082 771 1155 facile
786 1109 862 1155 esse
873 1084 1000 1156 ducam
1014 1091 1224 1185 opprimere

157 1194 421 1291 «populatores
436 1207 578 1264 nostros
594 1217 723 1291 vagos,
734 1196 810 1265 sine
829 1196 957 1292 signis,
973 1197 1130 1292 palatos,
1147 1224 1223 1297 quo

156 1327 370 1401 «quemque
390 1300 515 1388 trabit,
532 1303 694 1398 quamvis
711 1327 818 1392 vana,
838 1305 967 1400 praedae
984 1331 1075 1403 spes.
1091 1310 1222 1380 Numi·

155 1416 314 1486 «darum
339 1437 536 1511 paucorum
556 1412 605 1482 illi
629 1413 777 1509 quidem
801 1415 920 1511 praeda
945 1432 1072 1505 erunt,
1096 1422 1222 1516 praesi-

156 1524 362 1620 «diumque
374 1524 522 1594 missum
537 1523 641 1593 nobis
657 1538 692 1594 et
708 1525 806 1596 Noloe
821 1525 995 1597 ademeris
1005 1523 1032 1611 ⁸,
1047 1529 1076 1600 si
1092 1531 1221 1621 modo,

156 1658 299 1731 «quos,
317 1648 357 1704 ut
376 1634 491 1704 socios
510 1630 679 1715 haberes,
700 1633 828 1732 dignos
846 1633 997 1723 duxisti,
1011 1635 1108 1708 baud
1127 1639 1222 1710 indi-

156 1769 278 1842 «gnos
294 1743 452 1839 judicas,
474 1767 566 1839 quos
584 1745 622 1812 in
643 1740 751 1814 iidem
770 1757 934 1841 receptos
953 1745 1123 1816 tuearis.»

203 1859 329 1926 XLIII.
348 1853 402 1924 Ad
416 1878 458 1924 ea
473 1852 652 1923 Hannibal
668 1852 874 1949 respondit:
897 1859 1028 1926 Omnia
1046 1855 1157 1926 simul
1157 1860 1222 1951 su

156 1990 234 2036 cere
248 1969 419 2062 Hirpinos
433 1967 697 2061 Sorunitesque,·
712 1983 746 2035 et
760 1963 922 2036 indicare
936 1964 1056 2045 eludes
1067 1990 1170 2052 suas,
1186 1982 1226 2041 et

148 2092 268 2172 petere
278 2073 506 2172 praesidium,
523 2089 560 2144 ct
575 2079 679 2170 queri
696 2072 897 2167 indefinsos
909 2099 943 2143 se
962 2073 1218 2172 neglectorque.

154 2185 390 2258 Iudr'carrdum
416 2200 535 2256 autem
548 2185 669 2275 firisse
687 2190 890 2282 prr'mum·¹,
919 2182 1001 2252 dein
1022 2183 1222 2279 petendum

155 2391 525 2455 quaerendumait,scribendum
532 2402 664 2456 putatpro·
708 2385 852 2438 trum'mthi
870 2391 971 2449 arridet,
988 2402 1012 2438 ct
1030 2404 1086 2438 cum
1106 2391 1222 2440 Strothio

150 2471 264 2533 praetoris
273 2471 398 2528 unius,·de
408 2487 519 2535 quovoc.
527 2471 584 2518 vide
592 2485 665 2534 supra
708 2471 803 2518 restitui
820 2469 962 2517 ademeris:
981 2469 1038 2526 aed,
1060 2470 1129 2533 quod
1146 2471 1223 2518 lectio

156 2548 187 2596 ad
198 2565 220 2598 c.
234 2550 280 2612 39,
292 2566 317 2597 n.
327 2551 352 2597 5.
367 2550 429 2598 Cum
440 2549 554 2597 Walcbio
568 2549 595 2595 in
608 2565 664 2596 roc.
708 2548 795 2612 optimi
809 2548 864 2594 cod.
877 2551 931 2595 Put.
944 2547 1138 2612 praesidiumque
1149 2549 1225 2597 simui

151 2625 663 2690 propretorisconsentitBiittuer,0bserv.
708 2624 989 2683 nobisfinnarevidetur,
997 2641 1115 2689 reponere
1124 2627 1223 2676 malim:

154 2721 181 2769 p.
193 2706 227 2761 (it
240 2721 277 2767 sq.
289 2705 334 2751 En.
703 2703 893 2767 praesidiumque
906 2704 967 2767 (scil.
981 2703 1055 2757 illud,
1065 2704 1095 2751 de
1109 2721 1161 2768 quo
1168 2706 1223 2754 vid.

192 2800 214 2843 7.
227 2785 266 2829 Ne
278 2780 448 2846 maniprulatim
460 2781 558 2845 quidem
573 2792 664 2830 structa
708 2799 733 2832 n.
743 2784 772 2840 6,
786 2783 825 2830 cui
837 2783 966 2831 Marcellus
979 2784 1225 2849 praeerat,'quodque

154 2863 221 2920 acie,
234 2873 262 2910 ut
273 2864 346 2915 VIII,
357 2862 434 2919 8,vel
444 2861 527 2925 potiris
538 2871 565 2908 ut
577 2861 663 2908 iustru-
710 2872 733 2908 et
746 2861 834 2909 Nolam
847 2862 953 2919 tenebat,
963 2872 987 2908 et
996 2862 1141 2910 Samnitium
1149 2879 1224 2927 agros

154 2952 193 2989 cto
214 2941 311 3006 agmine
332 2941 375 2998 II,
398 2948 450 3002 49,
469 2950 494 2988 et
515 2938 612 3004 agmine
630 2940 665 2986 ire
707 2938 884 3004 populabatur)
895 2939 968 2987 simul
974 2940 1043 2987 nobis
1052 2951 1077 2987 et
1084 2942 1170 2998 Nola,
1183 2942 1224 2991 vel

155 3018 296 3079 xxxvn,
309 3021 349 3068 13.
360 3020 433 3068 Conf.
443 3017 522 3067 Schel.
533 3019 564 3067 ad
575 3018 664 3083 rotyb.
707 3019 811 3067 Nolanis
823 3018 953 3075 ademeris,
965 3034 995 3066 eo
1009 3029 1033 3066 et
1047 3035 1093 3067 noe
1104 3032 1129 3068 et
1143 3020 1222 3069 Nole-

154 3115 209 3165 cap.
219 3116 244 3162 9.
708 3113 757 3151 noa,
772 3097 918 3145 liberaveris.
943 3097 1056 3145 Dukerua
1075 3109 1177 3159 monet,
1194 3099 1223 3147 in

192 3180 216 3227 8.
225 3176 416 3240 Praesidiumque
428 3176 526 3224 missum
536 3175 565 3244 (a
577 3178 665 3225 Rorna-
708 3176 773 3239 vulg.
787 3176 907 3240 scriptura
920 3192 970 3223 uon
981 3176 1089 3241 ineptam
1104 3194 1156 3226 esse
1168 3194 1223 3227 aen·

154 3256 202 3320 nis)
211 3257 279 3304 uobis
288 3267 312 3303 et
320 3256 392 3303 Nolae
402 3255 574 3304 ademeristita
582 3253 665 3305 oinncs
709 3255 827 3302 tentiam:
840 3254 899 3302 duaa
912 3271 950 3302 res
962 3255 1086 3315 effeceris,
1099 3268 1124 3304 et
1135 3257 1223 3321 presi·

154 3336 204 3384 iere
220 3335 283 3391 tiss
297 3346 322 3382 et
339 3334 396 3383 edd.
413 3335 459 3382 nisi
472 3335 539 3398 quod
550 3336 665 3398 Mogunt,
709 3333 777 3381 dium
788 3333 860 3383 nobis
873 3345 920 3381 ate
931 3334 1031 3382 missum
1040 3336 1099 3394 erit,
1111 3347 1137 3384 ct
1146 3336 1178 3384 ab
1189 3352 1223 3386 eo

155 3427 179 3463 et
189 3425 242 3462 cart.
251 3426 307 3462 ante
316 3413 390 3461 Drak.
398 3424 454 3478 poet
463 3413 532 3461 nobis
539 3431 665 3479 perperam
710 3414 778 3461 caesia
796 3413 982 3478 populatoribus
998 3417 1050 3477 agri
1068 3416 1164 3475 nostri,
1178 3416 1222 3481 qui

154 3494 201 3542 erit
209 3495 347 3551 inseruere,
360 3504 385 3541 et
397 3494 473 3543 Drak.
483 3496 594 3557 reposuit
607 3494 665 3542 ade·
708 3508 842 3557 paucorum
859 3492 1019 3541 Numidarum
1035 3494 1119 3557 praeda
1132 3507 1221 3556 eumt,

154 3573 236 3630 merit,
248 3571 323 3638 prob.
336 3562 424 3630 Docu,
438 3583 465 3620 ut
480 3573 628 3622 censuerit:
641 3585 666 3621 et
709 3573 780 3621 Nolae
793 3572 933 3637 presidium
945 3572 1070 3620 ademeris.
1087 3574 1136 3622 Sed
1148 3575 1225 3623 ulcus

67 3696 70 3701 ,
150 3651 307 3715 praesidium,
326 3650 392 3714 quod
412 3650 482 3698 nobis
502 3651 607 3709 miseris,
624 3664 662 3711 et,
708 3651 963 3709 latere‚exrarietate
976 3653 1103 3716 scripturae
1116 3653 1222 3717 colligit.

154 3730 240 3788 etiam,
249 3729 321 3777 Nolae
330 3728 460 3785 ademerit,
470 3744 504 3776 sc.
511 3729 664 3794 presidium,
703 3728 743 3766 ‘-
754 3729 894 3786 Walcbius,
908 3731 1009 3778 Emend.
1024 3745 1080 3794 pag.
1096 3747 1140 3792 97,
1153 3732 1223 3780 bunc

153 3804 180 3855 h.
193 3824 215 3855 e.
231 3807 320 3856 Nolam
335 3807 406 3855 simul
424 3823 438 3854 a
455 3806 664 3872 p1=aesidio,qu0d
707 3808 789 3856 locum
810 3808 930 3855 illustrare
949 3820 1065 3865 conatus,
1081 3809 1116 3857 ita
1137 3827 1224 3859 sanan·

153 3901 219 3932 nuno
240 3885 303 3934 banc
320 3887 405 3935 urbem
425 3897 504 3946 tenet,
515 3887 663 3935 liberaverit.
708 3886 767 3933 dum
778 3886 908 3934 arbitratur
918 3901 924 3934 :
929 3886 1122 3951 praesidiumque
1130 3889 1224 3938 immis-

155 3963 223 4010 Idem
233 3965 270 4009 vir
280 3964 368 4013 doctus
379 3967 444 4026 coni.
452 3983 480 4034 p.
491 3983 523 4014 m.
531 3977 555 4014 et
562 3966 630 4015 nobis
640 3976 665 4012 et
706 3981 759 4013 sum
769 3965 836 4012 nobis
845 3977 870 4012 et
877 3967 949 4014 Nolae
958 3966 1084 4013 ademeris.
1094 3969 1143 4016 En.

159 4040 229 4088 Nolce
240 4041 334 4100 aderit,
350 4043 376 4093 b.
390 4061 412 4093 e.
429 4060 502 4110 opem
515 4045 583 4093 feret.
596 4044 664 4094 Neu·
741 4044 1120 4095 Cu.IILIII.1.Iudieandum
1137 4061 1226 4097 autem
