2782 4568
186 261 309 366 &25:332
396 280 492 346 mr.
519 280 619 346 xxi.
646 280 751 346 cir.
778 277 881 344 xiv.
909 277 999 343 xu-
1175 277 1215 348 31

118 400 135 429 ⁵
160 383 239 470 sum
255 398 439 490 daretur),
455 411 642 494 argentum
657 409 860 492 aur'umque
875 419 1001 483 omne,
1018 420 1060 466 ex
1075 397 1222 494 publico

159 513 371 608 privatoque
386 511 425 578 in
444 506 563 579 forum
582 508 771 596 collatum,
787 508 824 577 in
842 507 961 602 ignem
979 505 1024 577 ad
1040 507 1077 577 id
1091 511 1222 605 raptim

159 620 312 693 factum¹
330 621 581 715 conjicientes,
600 618 728 691 eodem
742 618 906 719 plerique
922 632 1035 690 semet
1050 619 1119 714 ipsi
1136 637 1223 716 prae-

161 733 409 830 cipitaveruut.
431 733 554 819 Quum
576 755 625 801 ex·
641 755 685 800 eo
704 754 814 827 pavor
834 753 875 799 ac
894 728 1087 826 trepidatio
1110 743 1223 799 totam

161 842 290 913 urbem
305 841 534 938 pervasisset,
551 840 640 910 alius
655 841 804 936 insuper
820 838 999 907 tumultus
1013 862 1056 907 ex
1072 861 1152 908 arce
1168 862 1225 908 au·

162 954 270 1036 ditur.
287 953 407 1022 Turris
423 951 486 1021 diu
502 965 669 1046 quassata
686 947 890 1047 prociderat
903 974 912 1036 3
927 967 1065 1044 perque
1081 949 1224 1018 ruinam

163 1064 240 1158 ejus
268 1062 399 1152 cohors
426 1067 623 1132 Poenorum
651 1060 791 1154 impetu
818 1057 912 1128 facto
940 1082 1054 1152 quum
1084 1059 1226 1156 signum

162 1174 369 1270 imperatori
387 1171 583 1256 dedisset2,
604 1167 777 1237 nudatam
798 1164 1013 1238 stationibus
1038 1166 1225 1238 custodiis·

163 1309 234 1385 que
252 1282 366 1379 solitis
383 1280 543 1350 hostium
565 1302 641 1348 esse
662 1275 808 1365 urbem,
828 1301 904 1346 nou
924 1276 1168 1347 cunctandum
1188 1279 1226 1346 in

163 1388 225 1462 tali
242 1384 453 1462 occasione3
468 1402 566 1458 ratus
580 1385 776 1473 Hannibal,
790 1389 875 1457 totis
889 1386 1025 1458 viribus
1042 1411 1229 1485 aggressus

162 1499 314 1587 urbem,
332 1510 519 1567 momento
539 1499 652 1594 cepit,
672 1498 775 1594 signo
794 1496 896 1584 dato,
915 1510 956 1566 ut
973 1521 1101 1568 omnes
1118 1496 1229 1594 pube·

160 1635 220 1680 res
236 1606 536 1678 interficerentur.
552 1606 660 1697 Quod
672 1607 864 1703 imperium
877 1607 1040 1693 crudele,
1059 1619 1234 1679 craterum·

89 1764 98 1778 ·
162 1744 280 1818 prope
292 1718 532 1789 necessarium
545 1717 730 1812 cognitum
742 1717 819 1813 ipso
831 1730 964 1788 eventu
977 1730 1047 1786 est:
1062 1718 1119 1786 cui
1132 1720 1228 1788 enim

134 1918 140 1926 ι
164 1833 262 1928 parci
280 1829 399 1926 potuit
417 1853 461 1897 ex
475 1829 535 1914 iis,
555 1828 618 1923 qui
636 1841 698 1897 ant
715 1827 845 1898 inclusi
859 1851 942 1897 cum
957 1826 1174 1925 conjugibus
1189 1853 1230 1900 ac

165 1939 286 2012 liberis
312 1939 442 2010 domos
464 1962 574 2035 super
597 1962 634 2007 se
662 1938 759 2034 ipsos
782 1941 1144 2026 concremaveruntl,
1168 1954 1230 2009 aut

167 2051 292 2120 armati
318 2048 460 2119 nullum
487 2061 571 2119 ante
598 2046 881 2145 finem-pugnae,
904 2074 1013 2145 quam
1034 2051 1229 2120 morientes

168 2160 355 2231 fecerunt?

214 2275 290 2341 XV.
303 2274 457 2367 Captum
469 2268 644 2366 oppidum
655 2282 709 2339 est
721 2293 804 2338 cum
819 2268 957 2364 ingenti
967 2267 1096 2364 praeda.
1109 2273 1230 2358 Quan-

168 2406 277 2478 quam
287 2381 460 2478 pleraque
471 2379 517 2449 ab
527 2379 684 2449 dominis
693 2378 738 2450 de
749 2377 925 2450 industria
935 2395 1104 2475 corrupta
1115 2399 1232 2469 erant,

169 2505 205 2560 et
224 2492 261 2559 in
280 2489 437 2560 caedibus
453 2492 514 2559 vix
534 2491 650 2560 ullum
671 2489 862 2560 discrimen
880 2493 990 2560 aetatis
1009 2493 1061 2560 ira
1081 2489 1230 2582 fecerat,

94 2614 98 2622 '
170 2614 205 2669 et
224 2601 352 2696 captivi
371 2601 524 2670 militum
542 2600 661 2697 praeda
679 2599 839 2689 fuerant;
860 2614 982 2672 tamen
1000 2617 1035 2673 et
1052 2628 1096 2672 ex
1115 2606 1242 2701 pretio,

170 2733 292 2778 rerum
300 2709 528 2780 venditarum
536 2708 761 2807 aliquantum
770 2712 1146 2808 pecuniae¹redactum
1156 2739 1231 2786 esse
1254 2755 1266 2774 ›

207 2918 268 2966 Cir.
284 2917 353 2963 XIV.
366 2933 387 2964 r.
402 2920 432 2962 Iu
450 2917 530 2981 iguem
547 2916 584 2963 ad
599 2916 627 2963 id
637 2933 678 2964 ra·
723 2917 1044 2989 estreaponderenequitrr'p
1053 2923 1159 2981 crudele,
1166 2923 1232 2986 quod

64 3067 69 3078 .
166 2994 230 3058 ptim
234 2993 347 3059 facerem,
361 3007 407 3043 etc.
419 2994 458 3043 cf.
471 2994 513 3042 Sil.
524 2998 564 3053 11,
579 2995 628 3057 592
642 3012 678 3059 sq.
723 2997 825 3059 requirit
828 2996 899 3062 filit:
912 2997 1024 3062 syllepsis
1037 2999 1128 3065 flgura3
1143 3003 1229 3047 Bauer.

171 3077 207 3121 De
233 3075 306 3120 simili
327 3075 511 3139 Astapousium,
537 3075 680 3122 Nesactien·
754 3083 782 3130 ,4.
794 3077 885 3123 Demos
897 3087 969 3139 super
981 3095 1006 3124 se
1019 3079 1082 3141 ipsos
1095 3094 1233 3126 concrema·
1305 3138 1308 3143 4

170 3153 231 3200 sium
238 3188 244 3212 ‚
252 3154 457 3202 Numantinorum
466 3140 490 3201 el
499 3153 680 3217 calaguritano·
724 3166 807 3202 verunt
812 3172 822 3212 ;
831 3155 894 3202 forte
903 3156 949 3218 leg.
960 3156 1012 3220 ipsi.
1022 3157 1144 3205 «Videtur
1151 3157 1235 3205 distin·

171 3249 223 3280 rum
233 3234 355 3292 facinore,
369 3251 393 3281 v.
406 3235 535 3293 xxvm,
546 3235 593 3292 233
607 3235 679 3292 xm,
723 3233 845 3296 fluendum
855 3247 862 3280 ε
872 3233 968 3291 domos,
980 3250 1051 3296 super
1063 3236 1115 3282 illae
1123 3252 1149 3282 se
1156 3236 1232 3298 1'psos,

174 3327 213 3367 113
223 3295 304 3360 valer.
316 3314 385 3363 Max.
392 3315 453 3371 vn,
466 3313 584 3359 lienem.
592 3328 606 3357 2
618 3323 643 3360 et
651 3312 680 3369 33
722 3311 740 3358 i.
751 3327 772 3358 e.
784 3310 871 3357 domos
884 3322 908 3358 et
921 3311 1021 3375 insuper
1030 3329 1067 3373 se,
1077 3329 1151 3376 seque
1164 3316 1235 3362 simul

171 3391 281 3438 Juvenal.
292 3393 351 3449 XV,
364 3393 397 3452 93
409 3408 459 3453 seq.
725 3404 780 3435 cum
790 3388 916 3447 domibus,
926 3401 953 3436 ut
964 3391 1076 3452 vl11,6,
1088 3394 1113 3440 n.
1126 3399 1156 3453 4,
1166 3393 1238 3458 legio.

206 3485 230 3514 a.
242 3468 341 3533 Signum
349 3470 491 3533 imperatori
501 3469 604 3516 dedisset
609 3489 619 3526 ;
630 3469 680 3518 vid.
724 3483 766 3514 nes
773 3466 885 3524 hostium,
895 3484 1012 3532 superque
1019 3485 1060 3516 eas
1067 3487 1092 3518 se
1098 3470 1233 3531 devovisset,

171 3547 390 3610 adIV,39,n.1.
725 3548 741 3593 i.
752 3563 773 3595 e.
784 3547 931 3595 etsesimul.
943 3547 982 3594 lbi
992 3559 1072 3598 tumen
1082 3549 1154 3597 etiam
1166 3552 1236 3600 notio

206 3628 229 3673 3.
243 3629 272 3672 Iu
282 3627 328 3673 tali
341 3643 436 3684 occas.,·
450 3627 507 3673 vide
518 3627 639 3685 ad1‚11‚
654 3644 680 3675 n.
720 3637 823 3690 propter
842 3643 889 3673 uua
912 3626 990 3673 Inesse
1011 3628 1114 3676 videtur.
1135 3630 1236 3694 Alioqui

174 3705 336 3752 1.—Urbem
345 3717 465 3769 momento
475 3705 549 3769 cepit,
561 3705 629 3768 siguo
640 3706 683 3752 da·
725 3705 811 3771 fuerit,
835 3717 863 3753 ut
885 3707 1001 3754 Germani
1019 3707 1141 3770 loquimur
1162 3725 1168 3757 :
1191 3711 1236 3758 das

172 3794 208 3839 tn,
224 3795 262 3840 ut,
275 3795 337 3842 eto,
349 3784 480 3847 pro,urbe
490 3795 574 3847 capta,
586 3784 682 3846 signum
726 3785 796 3830 Haus
807 3784 867 3829 iiber
877 3784 932 3830 dem
940 3784 1020 3850 Kopfe
1030 3787 1166 3837 auaeindeu.
1175 3791 1239 3837 Mox

171 3861 252 3920 dedit,
269 3863 295 3909 h.
312 3879 333 3910 e.
348 3863 488 3928 Imperavit,
506 3873 547 3909 aut
559 3879 606 3925 pro
622 3878 628 3910 :
643 3879 682 3909 ur·
727 3863 855 3910 morientes
872 3879 919 3927 pro
938 3879 1093 3915 morerentur.
1109 3868 1237 3917 Debebat:

170 3941 227 3988 bem
238 3943 316 4005 cepit,
328 3953 352 3989 et
361 3942 503 4006 imperavit;
514 3943 598 3988 Bauer.
611 3941 682 3990 Conf.
727 3942 821 3989 nullum
827 3939 902 3989 finem
910 3977 916 4001 ,
925 3944 972 3991 nisi
979 3947 1117 3994 morientes.
1128 3969 1140 3989 a
1154 3950 1238 3995 Bauer.

166 4017 202 4068 ad
217 4021 262 4080 IV,
283 4023 328 4082 39,
340 4033 393 4070 not.
409 4037 431 4069 r.
445 4022 507 4070 Mox
519 4020 547 4070 τὸ
561 4020 683 4083 cognitum
763 4022 825 4082 Cir,
835 4022 892 4069 XV.
909 4037 930 4069 1.
946 4025 1106 4088 Aliquantum
1109 4026 1222 4090 pecunia
1228 4044 1238 4082 ;
