2782 4568
127 335 129 341 v
187 293 310 397 33:332:
375 313 1000 381 Lrneaxxrrctnrvur.
1148 312 1213 386 251

160 461 324 535 numque
341 437 476 520 lacum,
495 432 653 530 benigne
672 434 867 522 allocutus,
887 435 963 505 sine
981 434 1098 530 pretio
1117 433 1219 506 dimi·

161 549 281 636 sissem
295 551 475 617 Romanos
489 568 637 640 quoque
648 559 810 633 vocatos,
821 544 920 642 quod
934 568 1123 640 nunquam
1135 545 1221 616 alias

161 672 285 743 antea,
306 657 391 728 satis
415 657 494 726 miti
517 679 683 727 sermone
711 656 938 753 alloquitur:
962 661 1048 728 Non
1070 662 1222 726 inteme-

161 771 280 836 cenum
304 766 375 836 sate·
397 791 472 836 esse
491 791 574 836 cum
592 771 766 837 Romanis
788 764 953 837 bellum:
978 766 1025 836 de
1046 766 1226 862 dignitate

160 889 270 970 atque
289 881 439 972 imperio
459 893 601 947 certare.
622 881 669 946 Et
677 893 804 974 patres
822 883 946 948 virtuti
963 900 1129 948 romanae
1147 900 1221 948 ces·

160 990 242 1057 sisse
255 1013 266 1054 .-
281 1002 317 1057 et
332 1012 371 1057 se
387 985 427 1056 id
440 986 560 1058 adniti
564 1041 574 1073 ,
595 1004 636 1060 ut
648 1012 728 1058 sure
743 993 781 1058 in
801 994 917 1060 vicem
934 987 1046 1060 simul
1051 989 1226 1081 felicitati

161 1112 197 1166 et
219 1102 347 1168 virtuti
369 1097 540 1182 cetimum
566 1099 912 1196 itaqueredimendi
931 1125 968 1170 se
992 1107 1141 1196 captivis
1161 1125 1222 1172 co-

157 1213 259 1303 piam
267 1210 409 1296 secere.
427 1213 584 1278 Pretium
593 1210 679 1295 fore
693 1215 730 1279 in
748 1214 886 1305 capita,
904 1213 1015 1306 equiti
1025 1215 1223 1306 quingenos

161 1316 399 1414 quadrigatos
420 1343 582 1389 nutnmos
594 1329 620 1405 ²,
645 1336 805 1391 trecenos
825 1320 961 1418 pediti,
985 1344 1084 1392 serto
1105 1335 1224 1390 cente·

162 1451 239 1496 noe.
255 1432 472 1523 Quanquam
488 1428 713 1524 aliquantum
729 1429 965 1524 adjiciebatur
982 1428 1166 1527 equitibus
1178 1429 1224 1530 ed

161 1536 198 1608 id
214 1540 393 1634 pretium,
412 1538 512 1633 quod
526 1540 738 1634 pepigerant
753 1540 928 1611 dedentes
944 1565 999 1627 se;
1017 1541 1087 1611 laeti
1103 1554 1225 1611 tamen

161 1673 431 1746 quamcumque
440 1648 688 1720 conditionem
699 1651 901 1746 paciscendi
916 1665 1143 1747 acceperunt.
1154 1649 1226 1721 Pla·

161 1760 236 1829 cuit
257 1755 427 1853 suffragio
451 1760 613 1855 ipsorum
634 1759 760 1830 decem
782 1759 908 1856 deligi,
928 1761 993 1857 qui
1010 1766 1161 1831 Romam
1179 1758 1225 1831 ad

162 1883 327 1941 senatum
348 1870 464 1939 irent:
485 1895 552 1940 uec
576 1872 709 1967 pignus
730 1870 828 1940 aliud
850 1868 953 1959 fidei,
973 1895 1082 1969 quam
1107 1885 1148 1940 ut
1169 1871 1226 1965 ju·

162 1992 284 2050 rarent
304 2003 341 2049 se
364 1979 564 2065 redituros,
588 1996 786 2078 acceptum.
806 1982 936 2052 Missus
958 2006 1040 2052 cum
1063 1981 1118 2052 his
1139 1985 1226 2052 Car·
1316 2009 1319 2015 ·
1366 1990 1368 1995 '

161 2091 278 2178 thalo,
297 2089 428 2161 nobilis
443 2091 763 2187 Carthaginiensis,
780 2094 863 2188 qui,
878 2095 906 2163 si
925 2091 1018 2163 sorte
1038 2092 1083 2163 ad
1100 2116 1225 2190 pacem

162 2201 378 2272 inclinarent
393 2198 566 2291 animos³,
581 2202 808 2273 conditiones
821 2201 941 2274 ferret.
957 2207 1080 2294 Quum
1094 2204 1226 2298 egressi

164 2314 287 2382 castris
309 2326 445 2400 essent,
467 2337 563 2382 unus
592 2338 637 2383 ex
664 2314 726 2400 iis,
748 2314 896 2384 minime
923 2314 1064 2384 romani
1091 2313 1227 2409 ingenii

163 2422 295 2510 homo,
323 2424 422 2493 velut
453 2422 589 2519 aliquid
620 2423 775 2512 oblitus,
799 2421 1032 2518 jurisjurandi
1063 2417 1226 2490 solvendi

165 2557 269 2604 causa
289 2558 403 2628 quum
424 2535 461 2602 in
480 2546 594 2603 castra
614 2533 795 2622 rediisset,
812 2549 896 2604 ante
914 2548 1058 2604 noctem
1078 2531 1228 2602 comites

165 2645 377 2739 assequitur.
388 2642 459 2713 Ubi
472 2668 534 2713 eos
546 2648 696 2714 Romam
708 2634 829 2715 venire
842 2646 1050 2720 nuntiatum
1062 2657 1131 2729 est,
1147 2646 1230 2712 Car·

165 2754 304 2824 thaloni
330 2753 472 2825 obviam
501 2755 606 2824 lictor
633 2757 781 2843 missus,
809 2757 871 2852 qui
900 2755 1085 2825 dictatoris
1108 2751 1228 2824 verbis

165 2867 368 2954 nuntiaret,
387 2879 426 2935 ut
440 2880 524 2936 ante
540 2880 686 2936 noctem
702 2867 891 2937 excederet
905 2865 1041 2935 finibus
1058 2865 1226 2935 romanis.

116 3106 118 3109 Ι
166 3041 241 3090 abest.
250 3044 392 3108 Segregatos
401 3042 479 3089 socios
488 3041 553 3102 conj.
562 3043 672 3091 Gronov.
718 3042 802 3090 eedem
816 3041 899 3089 fraude
911 3043 937 3089 in
950 3053 1028 3090 castre
1042 3040 1157 3099 rediisse,
1169 3039 1228 3087 Aci-

165 3147 199 3158 —-
210 3121 277 3168 Sicut
286 3132 344 3168 ante
355 3119 393 3168 ad
405 3120 527 3190 lichiam,
539 3133 586 3170 etc.
601 3121 672 3172 Conf.
717 3121 777 3179 lius,
786 3122 828 3183 qui
840 3137 917 3184 graece
929 3121 1055 3168 historiam
1067 3120 1175 3183 scripsit,
1188 3135 1228 3182 ap,

165 3217 219 3264 cap.
231 3216 255 3260 7,
268 3211 293 3248 et
305 3200 393 3266 Polyb.
405 3203 457 3259 ΙΙΙ,
469 3216 511 3262 77.
720 3201 798 3248 Cicer.
811 3200 829 3246 l.
842 3201 859 3247 l.
878 3201 987 3261 Utraque
1003 3201 1065 3246 fama
1081 3208 1228 3245 memoratur

201 3295 225 3327 α.
241 3281 348 3328 Pretium
352 3280 412 3345 fore
421 3280 447 3327 in
456 3281 553 3344 capita,
565 3279 642 3343 equiti
650 3283 675 3328 D
718 3279 775 3327 infr.
786 3295 839 3343 cap.
851 3279 893 3326 61.
906 3278 978 3326 Cous.
988 3278 1116 3336 Geuvll,
1129 3278 1175 3335 18,
1186 3276 1229 3339 qui

166 3358 326 3423 quadrigatos
342 3375 466 3418 nummos,
488 3371 549 3418 etc.;
569 3359 626 3407 vide
643 3360 675 3408 ad
720 3358 781 3406 duos
800 3359 928 3406 revertisse
950 3357 1018 3406 dicit.
1038 3383 1074 3393 -·
1093 3356 1231 3404 Excedmt

167 3451 221 3500 cap.
232 3438 279 3494 23,
292 3454 317 3486 n.
328 3447 354 3498 t,
366 3440 433 3488 etad
445 3456 500 3504 cap.
512 3440 543 3487 52
553 3475 560 3500 ‚
569 3457 595 3487 n.
606 3456 636 3496 2,
649 3440 673 3487 3,
712 3438 807 3504 finibus
823 3438 938 3484 romanu.
957 3435 1070 3484 Miranda
1089 3446 1125 3483 est
1139 3435 1180 3483 hic
1193 3451 1229 3482 se-

166 3516 283 3562 -Servo
298 3529 408 3566 centenos
418 3536 464 3585 pro
474 3521 540 3584 vulg.
550 3537 570 3568 s.
579 3530 675 3567 centum
718 3529 790 3567 natus
813 3517 909 3565 romani
927 3516 1078 3573 constantia,
1098 3526 1123 3562 et
1141 3513 1230 3561 veteris

142 3639 146 3654 ,
167 3611 199 3642 ex
210 3606 259 3643 vet.
268 3595 333 3642 libro
344 3596 427 3660 SIgon.
436 3600 528 3663 recepi.
719 3597 854 3660 disciplinae
861 3596 1023 3645 observantia.
1030 3595 1098 3643 Sicut
1106 3593 1165 3641 olim
1174 3609 1230 3641 cum

203 3676 227 3741 3¹.
248 3675 293 3722 Ad
307 3690 396 3739 pacem
416 3678 560 3726 inclinarent
580 3679 675 3726 anirnos
718 3672 1229 3741 Pyrrho,rinnccumHennibeleagit.Hus

167 3757 347 3813 Romanorum
363 3754 419 3802 vide
429 3756 461 3803 ad
470 3758 544 3817 vlu,
556 3773 602 3816 21,
613 3775 639 3805 n.
651 3756 675 3804 5.
719 3772 751 3802 ne
770 3755 851 3819 primo
868 3755 975 3818 impetu,
993 3763 1018 3799 et
1036 3752 1106 3814 quasi
1122 3751 1229 3798 nominis

167 3860 200 3868 -
217 3836 295 3896 Quum
308 3835 397 3900 egressi
408 3834 494 3883 castris
507 3849 597 3894 essent,
615 3853 677 3885 unus
721 3835 758 3882 sui
773 3835 826 3882 solo
839 3845 931 3882 terrore
947 3836 1036 3880 Poenus
1049 3832 1229 3895 expugnasset?

168 3929 201 3959 ex
213 3914 254 3968 iis,
265 3927 324 3974 etc.;
338 3915 404 3963 idem
419 3915 517 3964 tradunt
529 3916 674 3981 Polynvr,
719 3916 778 3964 Nou
788 3925 853 3962 certe
864 3914 892 3961 in
902 3925 996 3961 tentum
1009 3912 1104 3959 facinus
1114 3911 1229 3959 valuisset

169 3992 215 4050 58;
228 3993 306 4041 Cicer.
316 3995 366 4042 on.
380 3998 405 4053 1,
422 3997 499 4054 13,et
512 3996 599 4061 Polyb.
609 3995 676 4061 apud
720 3993 858 4053 exercitus,
880 3995 933 4057 ipsu
955 3992 1059 4040 victoria
1084 3991 1227 4048 exhaustus,

161 4061 222 4122 Cic·
235 4073 285 4126 Off·
301 4076 355 4134 111,
371 4075 403 4125 32
413 4090 421 4126 t
431 4074 476 4124 sed
491 4089 575 4125 omues
592 4074 676 4125 decem
721 4091 798 4144 quum
808 4073 965 4124 sternendum
979 4072 1063 4125 fuisset
1075 4070 1194 4124 rebellans
1204 4070 1230 4121 il·
