<?xml version="1.0" encoding="UTF-8"?>
<!DOCTYPE html PUBLIC "-//W3C//DTD XHTML 1.0 Transitional//EN"
    "http://www.w3.org/TR/xhtml1/DTD/xhtml1-transitional.dtd">
<html xmlns="http://www.w3.org/1999/xhtml" xml:lang="en" lang="en">
 <head>
  <title>
</title>
<meta http-equiv="Content-Type" content="text/html;charset=utf-8" />
  <meta name='ocr-system' content='tesseract 3.04.00' />
  <meta name='ocr-capabilities' content='ocr_page ocr_carea ocr_par ocr_line ocrx_word'/>
</head>
<body>
  <div class='ocr_page' id='page_1' title='image "./titusliviuspata06freigoog_0399.png"; bbox 0 0 2782 4568; ppageno 0'>
   <div class='ocr_carea' id='block_1_1' title="bbox 120 304 1242 2310">
    <p class='ocr_par' dir='ltr' id='par_1_1' title="bbox 120 304 1242 763">
     <span class='ocr_line' id='line_1_1' title="bbox 170 304 1216 415; baseline -0.002 -11"><span class='ocrx_word' id='word_1_1' title='bbox 170 320 242 415; x_wconf 70' lang='lat'>394</span> <span class='ocrx_word' id='word_1_2' title='bbox 593 325 631 390; x_wconf 77' lang='grc' dir='ltr'>Τ.</span> <span class='ocrx_word' id='word_1_3' title='bbox 664 324 805 391; x_wconf 74' lang='lat' dir='ltr'>mvn</span> <span class='ocrx_word' id='word_1_4' title='bbox 1085 304 1216 404; x_wconf 64' lang='lat' dir='ltr'>stet</span> 
     </span>
     <span class='ocr_line' id='line_1_2' title="bbox 120 441 1242 539; baseline 0.003 -27"><span class='ocrx_word' id='word_1_5' title='bbox 120 492 123 504; x_wconf 76' lang='grc'><strong>.</strong></span> <span class='ocrx_word' id='word_1_6' title='bbox 166 443 287 512; x_wconf 89' lang='lat' dir='ltr'>ruisse.</span> <span class='ocrx_word' id='word_1_7' title='bbox 298 445 381 511; x_wconf 84' lang='lat' dir='ltr'>Haec</span> <span class='ocrx_word' id='word_1_8' title='bbox 391 441 553 539; x_wconf 85' lang='lat' dir='ltr'>prodigia</span> <span class='ocrx_word' id='word_1_9' title='bbox 564 442 690 513; x_wconf 85' lang='lat' dir='ltr'>hostiis</span> <span class='ocrx_word' id='word_1_10' title='bbox 700 441 897 538; x_wconf 88' lang='lat' dir='ltr'>majoribus</span> <span class='ocrx_word' id='word_1_11' title='bbox 907 452 1139 538; x_wconf 82' lang='lat' dir='ltr'>procurata10</span> <span class='ocrx_word' id='word_1_12' title='bbox 1152 459 1242 515; x_wconf 87' lang='lat' dir='ltr'>sunt</span> 
     </span>
     <span class='ocr_line' id='line_1_3' title="bbox 165 551 1237 652; baseline 0.002 -26"><span class='ocrx_word' id='word_1_13' title='bbox 165 578 211 626; x_wconf 84' lang='lat' dir='ltr'>ex</span> <span class='ocrx_word' id='word_1_14' title='bbox 225 553 455 651; x_wconf 89' lang='lat' dir='ltr'>haruspicum</span> <span class='ocrx_word' id='word_1_15' title='bbox 463 579 640 652; x_wconf 87' lang='lat' dir='ltr'>responso</span> <span class='ocrx_word' id='word_1_16' title='bbox 654 582 662 624; x_wconf 75' lang='grc' dir='ltr'><strong><em>ε</em></strong></span> <span class='ocrx_word' id='word_1_17' title='bbox 675 569 711 626; x_wconf 92' lang='lat' dir='ltr'>et</span> <span class='ocrx_word' id='word_1_18' title='bbox 723 554 938 652; x_wconf 90' lang='lat' dir='ltr'>supplicatio</span> <span class='ocrx_word' id='word_1_19' title='bbox 953 551 1127 624; x_wconf 91' lang='lat' dir='ltr'>omnibus</span> <span class='ocrx_word' id='word_1_20' title='bbox 1141 555 1237 645; x_wconf 90' lang='lat' dir='ltr'>deis,</span> 
     </span>
     <span class='ocr_line' id='line_1_4' title="bbox 166 665 1066 763; baseline -0.001 -28"><span class='ocrx_word' id='word_1_21' title='bbox 166 689 325 763; x_wconf 91' lang='lat' dir='ltr'>quorum</span> <span class='ocrx_word' id='word_1_22' title='bbox 340 665 541 762; x_wconf 90' lang='lat' dir='ltr'>pulvinaria</span> <span class='ocrx_word' id='word_1_23' title='bbox 553 671 675 736; x_wconf 84' lang='lat' dir='ltr'>Romae</span> <span class='ocrx_word' id='word_1_24' title='bbox 694 681 833 751; x_wconf 81' lang='lat' dir='ltr'><strong>essent,</strong></span> <span class='ocrx_word' id='word_1_25' title='bbox 852 665 986 736; x_wconf 86' lang='lat' dir='ltr'>indicta</span> <span class='ocrx_word' id='word_1_26' title='bbox 1003 679 1066 736; x_wconf 90' lang='lat' dir='ltr'>est.</span> 
     </span>
    </p>

    <p class='ocr_par' dir='ltr' id='par_1_2' title="bbox 161 773 1237 2310">
     <span class='ocr_line' id='line_1_5' title="bbox 212 773 1237 873; baseline 0 -27"><span class='ocrx_word' id='word_1_27' title='bbox 212 780 273 846; x_wconf 89' lang='lat' dir='ltr'>XI.</span> <span class='ocrx_word' id='word_1_28' title='bbox 288 776 525 872; x_wconf 87' lang='lat' dir='ltr'>Perpetratis,</span> <span class='ocrx_word' id='word_1_29' title='bbox 539 801 619 872; x_wconf 87' lang='lat' dir='ltr'>quae</span> <span class='ocrx_word' id='word_1_30' title='bbox 632 775 677 846; x_wconf 88' lang='lat' dir='ltr'>ad</span> <span class='ocrx_word' id='word_1_31' title='bbox 691 800 817 873; x_wconf 91' lang='lat' dir='ltr'>pacem</span> <span class='ocrx_word' id='word_1_32' title='bbox 835 776 966 846; x_wconf 90' lang='lat' dir='ltr'>deum1</span> <span class='ocrx_word' id='word_1_33' title='bbox 982 773 1237 872; x_wconf 85' lang='lat' dir='ltr'>pertinebant,</span> 
     </span>
     <span class='ocr_line' id='line_1_6' title="bbox 164 885 1236 989; baseline -0.001 -33"><span class='ocrx_word' id='word_1_34' title='bbox 164 885 209 957; x_wconf 92' lang='lat' dir='ltr'>de</span> <span class='ocrx_word' id='word_1_35' title='bbox 223 885 410 984; x_wconf 87' lang='lat' dir='ltr'>republica</span> <span class='ocrx_word' id='word_1_36' title='bbox 422 885 594 989; x_wconf 86' lang='lat' dir='ltr'>belloque</span> <span class='ocrx_word' id='word_1_37' title='bbox 608 886 784 984; x_wconf 89' lang='lat' dir='ltr'>gerendo,</span> <span class='ocrx_word' id='word_1_38' title='bbox 796 901 832 958; x_wconf 90' lang='lat' dir='ltr'>et</span> <span class='ocrx_word' id='word_1_39' title='bbox 842 899 1022 982; x_wconf 90' lang='lat' dir='ltr'>quantum</span> <span class='ocrx_word' id='word_1_40' title='bbox 1032 886 1236 983; x_wconf 89' lang='lat' dir='ltr'>copiarum,</span> 
     </span>
     <span class='ocr_line' id='line_1_7' title="bbox 165 995 1233 1095; baseline -0.002 -28"><span class='ocrx_word' id='word_1_41' title='bbox 165 1012 200 1067; x_wconf 89' lang='lat' dir='ltr'>et</span> <span class='ocrx_word' id='word_1_42' title='bbox 211 996 276 1067; x_wconf 91' lang='lat' dir='ltr'>ubi</span> <span class='ocrx_word' id='word_1_43' title='bbox 288 1022 441 1095; x_wconf 89' lang='lat' dir='ltr'>quaeque</span> <span class='ocrx_word' id='word_1_44' title='bbox 454 1013 592 1084; x_wconf 84' lang='lat' dir='ltr'>essent,</span> <span class='ocrx_word' id='word_1_45' title='bbox 607 997 773 1068; x_wconf 90' lang='lat' dir='ltr'>consules</span> <span class='ocrx_word' id='word_1_46' title='bbox 784 996 829 1067; x_wconf 90' lang='lat' dir='ltr'>ad</span> <span class='ocrx_word' id='word_1_47' title='bbox 838 1010 1003 1067; x_wconf 89' lang='lat' dir='ltr'>senatum</span> <span class='ocrx_word' id='word_1_48' title='bbox 1014 995 1233 1066; x_wconf 86' lang='lat' dir='ltr'>retulerunt.</span> 
     </span>
     <span class='ocr_line' id='line_1_8' title="bbox 164 1105 1235 1206; baseline 0 -27"><span class='ocrx_word' id='word_1_49' title='bbox 164 1106 423 1206; x_wconf 84' lang='lat' dir='ltr'>Duodeviginti</span> <span class='ocrx_word' id='word_1_50' title='bbox 442 1107 647 1206; x_wconf 87' lang='lat' dir='ltr'>legionibus</span> <span class='ocrx_word' id='word_1_51' title='bbox 671 1108 811 1179; x_wconf 90' lang='lat' dir='ltr'>bellum</span> <span class='ocrx_word' id='word_1_52' title='bbox 841 1109 917 1205; x_wconf 84' lang='lat' dir='ltr'>geri</span> <span class='ocrx_word' id='word_1_53' title='bbox 940 1106 1106 1205; x_wconf 89' lang='lat' dir='ltr'>placuit:</span> <span class='ocrx_word' id='word_1_54' title='bbox 1129 1105 1235 1179; x_wconf 90' lang='lat' dir='ltr'>binas</span> 
     </span>
     <span class='ocr_line' id='line_1_9' title="bbox 163 1217 1236 1315; baseline 0.001 -27"><span class='ocrx_word' id='word_1_55' title='bbox 163 1217 331 1289; x_wconf 89' lang='lat' dir='ltr'>consules</span> <span class='ocrx_word' id='word_1_56' title='bbox 353 1217 420 1290; x_wconf 91' lang='lat' dir='ltr'>sibi</span> <span class='ocrx_word' id='word_1_57' title='bbox 445 1244 587 1291; x_wconf 90' lang='lat' dir='ltr'>sumere</span> <span class='ocrx_word' id='word_1_58' title='bbox 611 1247 619 1289; x_wconf 78' lang='grc' dir='ltr'><em>τ</em></span> <span class='ocrx_word' id='word_1_59' title='bbox 641 1220 736 1291; x_wconf 88' lang='lat' dir='ltr'>binis</span> <span class='ocrx_word' id='word_1_60' title='bbox 758 1218 910 1290; x_wconf 89' lang='lat' dir='ltr'>Galliam</span> <span class='ocrx_word' id='word_1_61' title='bbox 937 1217 1166 1315; x_wconf 84' lang='lat' dir='ltr'>Siciliamque</span> <span class='ocrx_word' id='word_1_62' title='bbox 1194 1242 1236 1289; x_wconf 88' lang='lat' dir='ltr'>ac</span> 
     </span>
     <span class='ocr_line' id='line_1_10' title="bbox 163 1326 1235 1426; baseline -0.003 -26"><span class='ocrx_word' id='word_1_63' title='bbox 163 1328 364 1400; x_wconf 85' lang='lat' dir='ltr'>Sardiniam</span> <span class='ocrx_word' id='word_1_64' title='bbox 384 1328 557 1419; x_wconf 85' lang='lat' dir='ltr'>obtineri,</span> <span class='ocrx_word' id='word_1_65' title='bbox 576 1329 792 1426; x_wconf 91' lang='lat' dir='ltr'>duabusque</span> <span class='ocrx_word' id='word_1_66' title='bbox 807 1330 852 1418; x_wconf 86' lang='lat' dir='ltr'>Q.</span> <span class='ocrx_word' id='word_1_67' title='bbox 870 1326 1021 1398; x_wconf 90' lang='lat' dir='ltr'>Fabium</span> <span class='ocrx_word' id='word_1_68' title='bbox 1039 1341 1235 1425; x_wconf 84' lang='lat' dir='ltr'>praetorem</span> 
     </span>
     <span class='ocr_line' id='line_1_11' title="bbox 162 1437 1235 1536; baseline -0.004 -28"><span class='ocrx_word' id='word_1_69' title='bbox 162 1438 467 1536; x_wconf 82' lang='lat' dir='ltr'>Apuliae,duabus</span> <span class='ocrx_word' id='word_1_70' title='bbox 476 1440 652 1511; x_wconf 89' lang='lat' dir='ltr'>volonum</span> <span class='ocrx_word' id='word_1_71' title='bbox 662 1442 714 1510; x_wconf 90' lang='lat' dir='ltr'>Ti.</span> <span class='ocrx_word' id='word_1_72' title='bbox 726 1437 929 1511; x_wconf 88' lang='lat' dir='ltr'>Gracchum</span> <span class='ocrx_word' id='word_1_73' title='bbox 940 1437 1032 1508; x_wconf 87' lang='lat' dir='ltr'>circa</span> <span class='ocrx_word' id='word_1_74' title='bbox 1041 1438 1235 1507; x_wconf 87' lang='lat' dir='ltr'>Luceriam</span> 
     </span>
     <span class='ocr_line' id='line_1_12' title="bbox 163 1546 1235 1648; baseline -0.002 -30"><span class='ocrx_word' id='word_1_75' title='bbox 163 1573 315 1645; x_wconf 84' lang='lat' dir='ltr'>praeesse</span> <span class='ocrx_word' id='word_1_76' title='bbox 330 1576 337 1618; x_wconf 95' lang='lat'><strong>:</strong></span> <span class='ocrx_word' id='word_1_77' title='bbox 352 1550 509 1647; x_wconf 86' lang='lat' dir='ltr'>singulas</span> <span class='ocrx_word' id='word_1_78' title='bbox 524 1552 738 1622; x_wconf 89' lang='lat' dir='ltr'>C.Terentio</span> <span class='ocrx_word' id='word_1_79' title='bbox 755 1549 966 1648; x_wconf 87' lang='lat' dir='ltr'>proconsuli</span> <span class='ocrx_word' id='word_1_80' title='bbox 980 1546 1025 1618; x_wconf 85' lang='lat' dir='ltr'>ad</span> <span class='ocrx_word' id='word_1_81' title='bbox 1040 1548 1235 1636; x_wconf 84' lang='lat' dir='ltr'>Picenum,</span> 
     </span>
     <span class='ocr_line' id='line_1_13' title="bbox 164 1657 1234 1755; baseline -0.005 -25"><span class='ocrx_word' id='word_1_82' title='bbox 164 1674 201 1730; x_wconf 88' lang='lat' dir='ltr'>et</span> <span class='ocrx_word' id='word_1_83' title='bbox 221 1664 270 1729; x_wconf 91' lang='lat' dir='ltr'>M.</span> <span class='ocrx_word' id='word_1_84' title='bbox 287 1661 430 1731; x_wconf 89' lang='lat' dir='ltr'>Valerio</span> <span class='ocrx_word' id='word_1_85' title='bbox 453 1661 499 1732; x_wconf 88' lang='lat' dir='ltr'>ad</span> <span class='ocrx_word' id='word_1_86' title='bbox 517 1664 667 1733; x_wconf 89' lang='lat' dir='ltr'>classem</span> <span class='ocrx_word' id='word_1_87' title='bbox 685 1663 779 1732; x_wconf 89' lang='lat' dir='ltr'>circa</span> <span class='ocrx_word' id='word_1_88' title='bbox 799 1659 1030 1731; x_wconf 90' lang='lat' dir='ltr'>Brundisium</span> <span class='ocrx_word' id='word_1_89' title='bbox 1049 1657 1234 1755; x_wconf 85' lang='lat' dir='ltr'>relinqui,</span> 
     </span>
     <span class='ocr_line' id='line_1_14' title="bbox 163 1769 1235 1870; baseline 0 -31"><span class='ocrx_word' id='word_1_90' title='bbox 163 1784 199 1839; x_wconf 92' lang='lat' dir='ltr'>et</span> <span class='ocrx_word' id='word_1_91' title='bbox 212 1770 304 1840; x_wconf 88' lang='lat' dir='ltr'>duas</span> <span class='ocrx_word' id='word_1_92' title='bbox 320 1771 411 1842; x_wconf 92' lang='lat' dir='ltr'>Urbi</span> <span class='ocrx_word' id='word_1_93' title='bbox 426 1774 593 1870; x_wconf 88' lang='lat' dir='ltr'>praesidio</span> <span class='ocrx_word' id='word_1_94' title='bbox 614 1798 700 1844; x_wconf 89' lang='lat' dir='ltr'>esse.</span> <span class='ocrx_word' id='word_1_95' title='bbox 716 1774 782 1843; x_wconf 89' lang='lat' dir='ltr'>Hic</span> <span class='ocrx_word' id='word_1_96' title='bbox 801 1786 841 1841; x_wconf 93' lang='lat' dir='ltr'>ut</span> <span class='ocrx_word' id='word_1_97' title='bbox 857 1794 1033 1842; x_wconf 90' lang='lat' dir='ltr'>numerus</span> <span class='ocrx_word' id='word_1_98' title='bbox 1046 1769 1235 1865; x_wconf 89' lang='lat' dir='ltr'>legionum</span> 
     </span>
     <span class='ocr_line' id='line_1_15' title="bbox 163 1879 1235 1983; baseline 0.001 -33"><span class='ocrx_word' id='word_1_99' title='bbox 163 1880 392 1976; x_wconf 83' lang='lat' dir='ltr'>expleretur,</span> <span class='ocrx_word' id='word_1_100' title='bbox 418 1908 480 1954; x_wconf 85' lang='lat' dir='ltr'>sex</span> <span class='ocrx_word' id='word_1_101' title='bbox 502 1909 604 1954; x_wconf 88' lang='lat' dir='ltr'>novae</span> <span class='ocrx_word' id='word_1_102' title='bbox 625 1884 786 1983; x_wconf 82' lang='lat' dir='ltr'>legiones</span> <span class='ocrx_word' id='word_1_103' title='bbox 810 1897 912 1953; x_wconf 85' lang='lat' dir='ltr'>erant</span> <span class='ocrx_word' id='word_1_104' title='bbox 931 1879 1140 1951; x_wconf 80' lang='lat' dir='ltr'>scribendae.</span> <span class='ocrx_word' id='word_1_105' title='bbox 1164 1884 1235 1951; x_wconf 88' lang='lat' dir='ltr'>Eas</span> 
     </span>
     <span class='ocr_line' id='line_1_16' title="bbox 162 1989 1235 2092; baseline 0.001 -33"><span class='ocrx_word' id='word_1_106' title='bbox 162 1992 279 2087; x_wconf 92' lang='lat' dir='ltr'>primo</span> <span class='ocrx_word' id='word_1_107' title='bbox 293 2017 442 2088; x_wconf 88' lang='lat' dir='ltr'>quoque</span> <span class='ocrx_word' id='word_1_108' title='bbox 455 2007 618 2092; x_wconf 87' lang='lat' dir='ltr'>tempore</span> <span class='ocrx_word' id='word_1_109' title='bbox 631 1994 799 2065; x_wconf 89' lang='lat' dir='ltr'>consules</span> <span class='ocrx_word' id='word_1_110' title='bbox 811 1992 967 2064; x_wconf 86' lang='lat' dir='ltr'>scribere</span> <span class='ocrx_word' id='word_1_111' title='bbox 978 1991 1086 2086; x_wconf 90' lang='lat' dir='ltr'>jussi,</span> <span class='ocrx_word' id='word_1_112' title='bbox 1100 2004 1136 2060; x_wconf 94' lang='lat' dir='ltr'>et</span> <span class='ocrx_word' id='word_1_113' title='bbox 1149 1989 1235 2061; x_wconf 78' lang='lat' dir='ltr'>clas</span> 
     </span>
     <span class='ocr_line' id='line_1_17' title="bbox 161 2099 1236 2201; baseline -0.002 -29"><span class='ocrx_word' id='word_1_114' title='bbox 161 2127 237 2173; x_wconf 90' lang='lat' dir='ltr'>scm</span> <span class='ocrx_word' id='word_1_115' title='bbox 259 2126 410 2200; x_wconf 71' lang='lat' dir='ltr'>parare,</span> <span class='ocrx_word' id='word_1_116' title='bbox 432 2119 473 2175; x_wconf 91' lang='lat' dir='ltr'>ut</span> <span class='ocrx_word' id='word_1_117' title='bbox 494 2131 577 2176; x_wconf 91' lang='lat' dir='ltr'>cum</span> <span class='ocrx_word' id='word_1_118' title='bbox 602 2107 652 2177; x_wconf 92' lang='lat' dir='ltr'>eis</span> <span class='ocrx_word' id='word_1_119' title='bbox 673 2103 844 2192; x_wconf 86' lang='lat' dir='ltr'>navibus,</span> <span class='ocrx_word' id='word_1_120' title='bbox 866 2128 946 2201; x_wconf 91' lang='lat' dir='ltr'>quae</span> <span class='ocrx_word' id='word_1_121' title='bbox 970 2126 1038 2200; x_wconf 90' lang='lat' dir='ltr'>pro</span> <span class='ocrx_word' id='word_1_122' title='bbox 1057 2099 1236 2173; x_wconf 82' lang='lat' dir='ltr'>Calabriae</span> 
     </span>
     <span class='ocr_line' id='line_1_18' title="bbox 161 2212 1235 2310; baseline -0.001 -28"><span class='ocrx_word' id='word_1_123' title='bbox 161 2212 328 2285; x_wconf 88' lang='lat' dir='ltr'>litoribus</span> <span class='ocrx_word' id='word_1_124' title='bbox 342 2216 380 2284; x_wconf 92' lang='lat' dir='ltr'>in</span> <span class='ocrx_word' id='word_1_125' title='bbox 396 2218 550 2288; x_wconf 85' lang='lat' dir='ltr'>statione</span> <span class='ocrx_word' id='word_1_126' title='bbox 565 2230 701 2304; x_wconf 89' lang='lat' dir='ltr'>essent,</span> <span class='ocrx_word' id='word_1_127' title='bbox 718 2229 864 2287; x_wconf 89' lang='lat' dir='ltr'>centum</span> <span class='ocrx_word' id='word_1_128' title='bbox 880 2214 1145 2310; x_wconf 84' lang='lat' dir='ltr'>quinquaginta</span> <span class='ocrx_word' id='word_1_129' title='bbox 1157 2212 1235 2282; x_wconf 92' lang='lat' dir='ltr'>lon·</span> 
     </span>
    </p>
   </div>
   <div class='ocr_carea' id='block_1_2' title="bbox 158 2323 1265 3084">
    <p class='ocr_par' dir='ltr' id='par_1_3' title="bbox 158 2323 1265 3084">
     <span class='ocr_line' id='line_1_19' title="bbox 162 2323 1234 2425; baseline 0 -31"><span class='ocrx_word' id='word_1_130' title='bbox 162 2349 288 2418; x_wconf 86' lang='lat' dir='ltr'>garum</span> <span class='ocrx_word' id='word_1_131' title='bbox 311 2329 457 2399; x_wconf 87' lang='lat' dir='ltr'>navium</span> <span class='ocrx_word' id='word_1_132' title='bbox 482 2329 624 2400; x_wconf 78' lang='lat' dir='ltr'>classis²</span> <span class='ocrx_word' id='word_1_133' title='bbox 649 2354 693 2399; x_wconf 89' lang='lat' dir='ltr'>co</span> <span class='ocrx_word' id='word_1_134' title='bbox 717 2353 814 2397; x_wconf 89' lang='lat' dir='ltr'>anno</span> <span class='ocrx_word' id='word_1_135' title='bbox 835 2326 1054 2425; x_wconf 86' lang='lat' dir='ltr'>expleretur.</span> <span class='ocrx_word' id='word_1_136' title='bbox 1076 2323 1234 2395; x_wconf 90' lang='lat' dir='ltr'>Delectu</span> 
     </span>
     <span class='ocr_line' id='line_1_20' title="bbox 160 2432 1265 2534; baseline 0.004 -32"><span class='ocrx_word' id='word_1_137' title='bbox 160 2432 302 2525; x_wconf 88' lang='lat' dir='ltr'>habito,</span> <span class='ocrx_word' id='word_1_138' title='bbox 320 2452 356 2508; x_wconf 89' lang='lat' dir='ltr'>et</span> <span class='ocrx_word' id='word_1_139' title='bbox 372 2452 520 2509; x_wconf 88' lang='lat' dir='ltr'>centum</span> <span class='ocrx_word' id='word_1_140' title='bbox 536 2438 689 2509; x_wconf 88' lang='lat' dir='ltr'>navibus</span> <span class='ocrx_word' id='word_1_141' title='bbox 707 2439 809 2508; x_wconf 92' lang='lat' dir='ltr'>novis</span> <span class='ocrx_word' id='word_1_142' title='bbox 824 2433 1024 2524; x_wconf 75' lang='lat' dir='ltr'>deductis3,</span> <span class='ocrx_word' id='word_1_143' title='bbox 1040 2438 1084 2526; x_wconf 85' lang='lat' dir='ltr'>Q.</span> <span class='ocrx_word' id='word_1_144' title='bbox 1099 2433 1233 2506; x_wconf 86' lang='lat' dir='ltr'>Fabius</span> <span class='ocrx_word' id='word_1_145' title='bbox 1262 2529 1265 2534; x_wconf 27' lang='grc' dir='ltr'>Ι</span> 
     </span>
     <span class='ocr_line' id='line_1_21' title="bbox 160 2545 1233 2620; baseline 0.004 -8"><span class='ocrx_word' id='word_1_146' title='bbox 160 2547 305 2616; x_wconf 87' lang='lat' dir='ltr'>comitia</span> <span class='ocrx_word' id='word_1_147' title='bbox 327 2547 538 2620; x_wconf 89' lang='lat' dir='ltr'>censoribus</span> <span class='ocrx_word' id='word_1_148' title='bbox 554 2548 718 2619; x_wconf 89' lang='lat' dir='ltr'>creandis</span> <span class='ocrx_word' id='word_1_149' title='bbox 731 2547 860 2618; x_wconf 85' lang='lat' dir='ltr'>babuit</span> <span class='ocrx_word' id='word_1_150' title='bbox 879 2575 886 2617; x_wconf 91' lang='lat'>:</span> <span class='ocrx_word' id='word_1_151' title='bbox 907 2549 1016 2619; x_wconf 85' lang='lat' dir='ltr'>creati</span> <span class='ocrx_word' id='word_1_152' title='bbox 1033 2551 1081 2615; x_wconf 90' lang='lat' dir='ltr'>M.</span> <span class='ocrx_word' id='word_1_153' title='bbox 1100 2545 1233 2616; x_wconf 88' lang='lat' dir='ltr'>Atilius</span> 
     </span>
     <span class='ocr_line' id='line_1_22' title="bbox 159 2654 1232 2750; baseline 0.005 -29"><span class='ocrx_word' id='word_1_154' title='bbox 159 2654 317 2748; x_wconf 86' lang='lat' dir='ltr'>Regulus</span> <span class='ocrx_word' id='word_1_155' title='bbox 332 2670 368 2725; x_wconf 89' lang='lat' dir='ltr'>et</span> <span class='ocrx_word' id='word_1_156' title='bbox 382 2662 422 2730; x_wconf 91' lang='lat' dir='ltr'>P.</span> <span class='ocrx_word' id='word_1_157' title='bbox 438 2659 565 2729; x_wconf 88' lang='lat' dir='ltr'>Furius</span> <span class='ocrx_word' id='word_1_158' title='bbox 580 2658 711 2729; x_wconf 90' lang='lat' dir='ltr'>Philus.</span> <span class='ocrx_word' id='word_1_159' title='bbox 729 2663 852 2750; x_wconf 89' lang='lat' dir='ltr'>Quum</span> <span class='ocrx_word' id='word_1_160' title='bbox 869 2656 1155 2729; x_wconf 86' lang='lat' dir='ltr'>increbresceret</span> <span class='ocrx_word' id='word_1_161' title='bbox 1172 2681 1232 2726; x_wconf 92' lang='lat' dir='ltr'>ru·</span> 
     </span>
     <span class='ocr_line' id='line_1_23' title="bbox 158 2763 1232 2856; baseline 0.005 -25"><span class='ocrx_word' id='word_1_162' title='bbox 158 2787 259 2850; x_wconf 93' lang='lat' dir='ltr'>mor,</span> <span class='ocrx_word' id='word_1_163' title='bbox 274 2763 413 2836; x_wconf 91' lang='lat' dir='ltr'>bellum</span> <span class='ocrx_word' id='word_1_164' title='bbox 428 2768 466 2836; x_wconf 88' lang='lat' dir='ltr'>in</span> <span class='ocrx_word' id='word_1_165' title='bbox 481 2768 598 2840; x_wconf 88' lang='lat' dir='ltr'>Sicilia</span> <span class='ocrx_word' id='word_1_166' title='bbox 615 2795 707 2856; x_wconf 86' lang='lat' dir='ltr'>csse,</span> <span class='ocrx_word' id='word_1_167' title='bbox 721 2775 759 2839; x_wconf 90' lang='lat' dir='ltr'>T.</span> <span class='ocrx_word' id='word_1_168' title='bbox 775 2769 947 2840; x_wconf 90' lang='lat' dir='ltr'>Otacilius</span> <span class='ocrx_word' id='word_1_169' title='bbox 961 2793 1005 2838; x_wconf 91' lang='lat' dir='ltr'>eo</span> <span class='ocrx_word' id='word_1_170' title='bbox 1019 2790 1102 2836; x_wconf 91' lang='lat' dir='ltr'>cum</span> <span class='ocrx_word' id='word_1_171' title='bbox 1117 2765 1232 2837; x_wconf 88' lang='lat' dir='ltr'>classe</span> 
     </span>
     <span class='ocr_line' id='line_1_24' title="bbox 158 2873 1232 2972; baseline 0.004 -30"><span class='ocrx_word' id='word_1_172' title='bbox 158 2873 337 2970; x_wconf 88' lang='lat' dir='ltr'>proficisci</span> <span class='ocrx_word' id='word_1_173' title='bbox 351 2878 471 2972; x_wconf 88' lang='lat' dir='ltr'>jussus</span> <span class='ocrx_word' id='word_1_174' title='bbox 490 2894 553 2949; x_wconf 91' lang='lat' dir='ltr'>est.</span> <span class='ocrx_word' id='word_1_175' title='bbox 575 2883 698 2971; x_wconf 86' lang='lat' dir='ltr'>Quum</span> <span class='ocrx_word' id='word_1_176' title='bbox 716 2879 884 2950; x_wconf 90' lang='lat' dir='ltr'>deessent</span> <span class='ocrx_word' id='word_1_177' title='bbox 901 2890 1039 2965; x_wconf 83' lang='lat' dir='ltr'>nautae,</span> <span class='ocrx_word' id='word_1_178' title='bbox 1060 2875 1232 2946; x_wconf 91' lang='lat' dir='ltr'>consules</span> 
     </span>
     <span class='ocr_line' id='line_1_25' title="bbox 158 2981 1228 3084; baseline -0.006 -28"><span class='ocrx_word' id='word_1_179' title='bbox 158 3010 203 3056; x_wconf 82' lang='lat' dir='ltr'>ex</span> <span class='ocrx_word' id='word_1_180' title='bbox 227 2989 541 3059; x_wconf 90' lang='lat' dir='ltr'>senatusconsulto</span> <span class='ocrx_word' id='word_1_181' title='bbox 570 2988 780 3077; x_wconf 84' lang='lat' dir='ltr'>edixerunt,</span> <span class='ocrx_word' id='word_1_182' title='bbox 806 3003 863 3073; x_wconf 84' lang='lat' dir='ltr'>ut,</span> <span class='ocrx_word' id='word_1_183' title='bbox 888 2992 968 3084; x_wconf 81' lang='lat' dir='ltr'>qui,</span> <span class='ocrx_word' id='word_1_184' title='bbox 992 2989 1033 3055; x_wconf 90' lang='lat' dir='ltr'>L.</span> <span class='ocrx_word' id='word_1_185' title='bbox 1053 2981 1228 3068; x_wconf 77' lang='lat' dir='ltr'>AEmila&#39;o,</span> 
     </span>
    </p>
   </div>
   <div class='ocr_carea' id='block_1_3' title="bbox 152 3199 1231 4128">
    <p class='ocr_par' dir='ltr' id='par_1_4' title="bbox 152 3199 1231 4128">
     <span class='ocr_line' id='line_1_26' title="bbox 157 3199 1230 3268; baseline -0.002 -21"><span class='ocrx_word' id='word_1_186' title='bbox 157 3200 225 3265; x_wconf 84' lang='lat' dir='ltr'>quod</span> <span class='ocrx_word' id='word_1_187' title='bbox 235 3201 346 3248; x_wconf 82' lang='lat' dir='ltr'>mirabile</span> <span class='ocrx_word' id='word_1_188' title='bbox 360 3214 410 3260; x_wconf 81' lang='lat' dir='ltr'>est,</span> <span class='ocrx_word' id='word_1_189' title='bbox 422 3202 482 3266; x_wconf 80' lang='lat' dir='ltr'>quia</span> <span class='ocrx_word' id='word_1_190' title='bbox 494 3219 587 3262; x_wconf 84' lang='lat' dir='ltr'>rerum,</span> <span class='ocrx_word' id='word_1_191' title='bbox 600 3203 668 3268; x_wconf 90' lang='lat' dir='ltr'>quod</span> <span class='ocrx_word' id='word_1_192' title='bbox 710 3204 785 3261; x_wconf 88' lang='lat' dir='ltr'>VIII,</span> <span class='ocrx_word' id='word_1_193' title='bbox 796 3202 842 3260; x_wconf 80' lang='lat'>26,</span> <span class='ocrx_word' id='word_1_194' title='bbox 856 3218 881 3248; x_wconf 91' lang='lat' dir='ltr'>n.</span> <span class='ocrx_word' id='word_1_195' title='bbox 896 3217 918 3250; x_wconf 88' lang='lat'>1.</span> <span class='ocrx_word' id='word_1_196' title='bbox 935 3227 970 3237; x_wconf 91' lang='lat'>-</span> <span class='ocrx_word' id='word_1_197' title='bbox 988 3199 1083 3260; x_wconf 86' lang='lat' dir='ltr'>Adjicit</span> <span class='ocrx_word' id='word_1_198' title='bbox 1095 3214 1230 3246; x_wconf 88' lang='lat' dir='ltr'>numerum</span> 
     </span>
     <span class='ocr_line' id='line_1_27' title="bbox 156 3276 1230 3345; baseline -0.004 -16"><span class='ocrx_word' id='word_1_199' title='bbox 156 3281 273 3329; x_wconf 74' lang='lat' dir='ltr'>euadente</span> <span class='ocrx_word' id='word_1_200' title='bbox 283 3281 368 3345; x_wconf 86' lang='lat' dir='ltr'>Lipsio</span> <span class='ocrx_word' id='word_1_201' title='bbox 378 3285 489 3343; x_wconf 86' lang='lat' dir='ltr'>ejectum.</span> <span class='ocrx_word' id='word_1_202' title='bbox 665 3290 669 3298; x_wconf 85' lang='lat'><strong><em>‘</em></strong></span> <span class='ocrx_word' id='word_1_203' title='bbox 710 3283 832 3329; x_wconf 83' lang='lat' dir='ltr'>Puteanus</span> <span class='ocrx_word' id='word_1_204' title='bbox 854 3281 930 3340; x_wconf 84' lang='lat' dir='ltr'>liber,</span> <span class='ocrx_word' id='word_1_205' title='bbox 954 3291 978 3328; x_wconf 89' lang='lat' dir='ltr'>et</span> <span class='ocrx_word' id='word_1_206' title='bbox 1001 3279 1036 3326; x_wconf 83' lang='lat' dir='ltr'>sic</span> <span class='ocrx_word' id='word_1_207' title='bbox 1062 3276 1182 3337; x_wconf 77' lang='lat' dir='ltr'>exhibet3</span> <span class='ocrx_word' id='word_1_208' title='bbox 1203 3289 1230 3325; x_wconf 79' lang='lat' dir='ltr'>et</span> 
     </span>
     <span class='ocr_line' id='line_1_28' title="bbox 194 3355 1231 3426; baseline -0.002 -20"><span class='ocrx_word' id='word_1_209' title='bbox 194 3375 233 3406; x_wconf 90' lang='lat'>10.</span> <span class='ocrx_word' id='word_1_210' title='bbox 247 3361 307 3406; x_wconf 82' lang='lat' dir='ltr'>Hoec</span> <span class='ocrx_word' id='word_1_211' title='bbox 312 3360 430 3424; x_wconf 75' lang='lat' dir='ltr'>prodigia</span> <span class='ocrx_word' id='word_1_212' title='bbox 441 3361 524 3408; x_wconf 75' lang='lat' dir='ltr'>hostiis</span> <span class='ocrx_word' id='word_1_213' title='bbox 535 3361 667 3426; x_wconf 81' lang='lat' dir='ltr'>majoribus</span> <span class='ocrx_word' id='word_1_214' title='bbox 713 3360 737 3408; x_wconf 86' lang='lat' dir='ltr'>C.</span> <span class='ocrx_word' id='word_1_215' title='bbox 747 3360 859 3416; x_wconf 83' lang='lat' dir='ltr'>navibus,</span> <span class='ocrx_word' id='word_1_216' title='bbox 871 3359 939 3424; x_wconf 89' lang='lat' dir='ltr'>quod</span> <span class='ocrx_word' id='word_1_217' title='bbox 951 3357 1078 3424; x_wconf 87' lang='lat' dir='ltr'>probavit,</span> <span class='ocrx_word' id='word_1_218' title='bbox 1092 3367 1117 3402; x_wconf 84' lang='lat' dir='ltr'>et</span> <span class='ocrx_word' id='word_1_219' title='bbox 1130 3355 1160 3402; x_wconf 89' lang='lat' dir='ltr'>in</span> <span class='ocrx_word' id='word_1_220' title='bbox 1171 3371 1231 3404; x_wconf 89' lang='lat' dir='ltr'>con·</span> 
     </span>
     <span class='ocr_line' id='line_1_29' title="bbox 152 3437 1229 3502; baseline -0.004 -18"><span class='ocrx_word' id='word_1_221' title='bbox 152 3449 289 3502; x_wconf 81' lang='lat' dir='ltr'>procurata</span> <span class='ocrx_word' id='word_1_222' title='bbox 294 3456 305 3495; x_wconf 89' lang='lat'><em>;</em></span> <span class='ocrx_word' id='word_1_223' title='bbox 321 3438 377 3485; x_wconf 84' lang='lat' dir='ltr'>vide</span> <span class='ocrx_word' id='word_1_224' title='bbox 391 3438 422 3485; x_wconf 87' lang='lat' dir='ltr'>ad</span> <span class='ocrx_word' id='word_1_225' title='bbox 435 3442 463 3498; x_wconf 88' lang='lat'>1,</span> <span class='ocrx_word' id='word_1_226' title='bbox 482 3455 530 3499; x_wconf 77' lang='lat' dir='ltr'>ao,</span> <span class='ocrx_word' id='word_1_227' title='bbox 543 3457 568 3487; x_wconf 91' lang='lat' dir='ltr'>n.</span> <span class='ocrx_word' id='word_1_228' title='bbox 580 3456 619 3486; x_wconf 92' lang='lat'>11.</span> <span class='ocrx_word' id='word_1_229' title='bbox 632 3467 668 3475; x_wconf 90' lang='lat'>-</span> <span class='ocrx_word' id='word_1_230' title='bbox 710 3450 806 3487; x_wconf 83' lang='lat' dir='ltr'>textum</span> <span class='ocrx_word' id='word_1_231' title='bbox 817 3439 910 3502; x_wconf 87' lang='lat' dir='ltr'>recepit</span> <span class='ocrx_word' id='word_1_232' title='bbox 920 3437 1010 3485; x_wconf 67' lang='lat' dir='ltr'>Drab:</span> <span class='ocrx_word' id='word_1_233' title='bbox 1023 3452 1079 3482; x_wconf 88' lang='lat' dir='ltr'>nam</span> <span class='ocrx_word' id='word_1_234' title='bbox 1091 3450 1137 3498; x_wconf 85' lang='lat' dir='ltr'>per</span> <span class='ocrx_word' id='word_1_235' title='bbox 1152 3450 1229 3482; x_wconf 80' lang='lat' dir='ltr'>naves</span> 
     </span>
     <span class='ocr_line' id='line_1_30' title="bbox 155 3514 1229 3583; baseline -0.005 -19"><span class='ocrx_word' id='word_1_236' title='bbox 155 3517 303 3581; x_wconf 84' lang='lat' dir='ltr'>Supplicatio</span> <span class='ocrx_word' id='word_1_237' title='bbox 314 3517 422 3564; x_wconf 85' lang='lat' dir='ltr'>omnibus</span> <span class='ocrx_word' id='word_1_238' title='bbox 432 3518 495 3574; x_wconf 83' lang='lat' dir='ltr'>dcis,</span> <span class='ocrx_word' id='word_1_239' title='bbox 507 3520 668 3583; x_wconf 84' lang='lat' dir='ltr'>quorumpul·</span> <span class='ocrx_word' id='word_1_240' title='bbox 711 3535 766 3583; x_wconf 72' lang='lat' dir='ltr'>quar</span> <span class='ocrx_word' id='word_1_241' title='bbox 771 3535 819 3582; x_wconf 85' lang='lat' dir='ltr'>pro</span> <span class='ocrx_word' id='word_1_242' title='bbox 831 3518 952 3564; x_wconf 86' lang='lat' dir='ltr'>Calabriae</span> <span class='ocrx_word' id='word_1_243' title='bbox 961 3515 1069 3564; x_wconf 81' lang='lat' dir='ltr'>litoribus</span> <span class='ocrx_word' id='word_1_244' title='bbox 1081 3515 1106 3561; x_wconf 85' lang='lat' dir='ltr'>in</span> <span class='ocrx_word' id='word_1_245' title='bbox 1117 3514 1229 3583; x_wconf 62' lang='lat' dir='ltr'>statione</span> 
     </span>
     <span class='ocr_line' id='line_1_31' title="bbox 157 3594 1230 3659; baseline -0.001 -17"><span class='ocrx_word' id='word_1_246' title='bbox 157 3595 252 3643; x_wconf 75' lang='lat' dir='ltr'>vinaria</span> <span class='ocrx_word' id='word_1_247' title='bbox 259 3630 268 3652; x_wconf 86' lang='lat'>,</span> <span class='ocrx_word' id='word_1_248' title='bbox 283 3606 344 3653; x_wconf 82' lang='lat' dir='ltr'>etc.;</span> <span class='ocrx_word' id='word_1_249' title='bbox 359 3595 414 3643; x_wconf 85' lang='lat' dir='ltr'>vide</span> <span class='ocrx_word' id='word_1_250' title='bbox 428 3596 460 3644; x_wconf 87' lang='lat' dir='ltr'>ad</span> <span class='ocrx_word' id='word_1_251' title='bbox 472 3599 521 3655; x_wconf 88' lang='lat'>111,</span> <span class='ocrx_word' id='word_1_252' title='bbox 535 3599 585 3657; x_wconf 83' lang='lat'>63,</span> <span class='ocrx_word' id='word_1_253' title='bbox 601 3615 666 3656; x_wconf 77' lang='lat' dir='ltr'>ma,</span> <span class='ocrx_word' id='word_1_254' title='bbox 710 3609 796 3653; x_wconf 79' lang='lat' dir='ltr'>erant,</span> <span class='ocrx_word' id='word_1_255' title='bbox 818 3597 921 3659; x_wconf 90' lang='lat' dir='ltr'>intellig.</span> <span class='ocrx_word' id='word_1_256' title='bbox 942 3595 1024 3643; x_wconf 80' lang='lat' dir='ltr'>classis</span> <span class='ocrx_word' id='word_1_257' title='bbox 1047 3594 1230 3656; x_wconf 77' lang='lat' dir='ltr'>quinquaginta</span> 
     </span>
     <span class='ocr_line' id='line_1_32' title="bbox 156 3673 1230 3738; baseline 0 -18"><span class='ocrx_word' id='word_1_258' title='bbox 156 3686 181 3722; x_wconf 87' lang='lat' dir='ltr'>et</span> <span class='ocrx_word' id='word_1_259' title='bbox 191 3676 224 3734; x_wconf 84' lang='lat' dir='ltr'>V,</span> <span class='ocrx_word' id='word_1_260' title='bbox 238 3675 282 3732; x_wconf 81' lang='lat'>13,</span> <span class='ocrx_word' id='word_1_261' title='bbox 295 3690 321 3722; x_wconf 91' lang='lat' dir='ltr'>n.</span> <span class='ocrx_word' id='word_1_262' title='bbox 334 3673 357 3721; x_wconf 85' lang='lat'>5.</span> <span class='ocrx_word' id='word_1_263' title='bbox 709 3677 820 3734; x_wconf 86' lang='lat' dir='ltr'>navium,</span> <span class='ocrx_word' id='word_1_264' title='bbox 832 3676 872 3722; x_wconf 90' lang='lat' dir='ltr'>cui</span> <span class='ocrx_word' id='word_1_265' title='bbox 883 3691 948 3722; x_wconf 83' lang='lat' dir='ltr'>anno</span> <span class='ocrx_word' id='word_1_266' title='bbox 960 3673 1109 3738; x_wconf 74' lang='lat' dir='ltr'>praecedenti</span> <span class='ocrx_word' id='word_1_267' title='bbox 1120 3673 1230 3720; x_wconf 64' lang='lat' dir='ltr'>Euale-</span> 
     </span>
     <span class='ocr_line' id='line_1_33' title="bbox 190 3751 1228 3819; baseline 0 -18"><span class='ocrx_word' id='word_1_268' title='bbox 190 3754 251 3802; x_wconf 76' lang='lat' dir='ltr'>Car.</span> <span class='ocrx_word' id='word_1_269' title='bbox 261 3755 309 3800; x_wconf 79' lang='lat' dir='ltr'>XI.</span> <span class='ocrx_word' id='word_1_270' title='bbox 319 3769 341 3802; x_wconf 92' lang='lat'>1.</span> <span class='ocrx_word' id='word_1_271' title='bbox 353 3753 491 3817; x_wconf 79' lang='lat' dir='ltr'>Adparent</span> <span class='ocrx_word' id='word_1_272' title='bbox 504 3753 576 3802; x_wconf 83' lang='lat' dir='ltr'>deum</span> <span class='ocrx_word' id='word_1_273' title='bbox 588 3771 665 3819; x_wconf 83' lang='lat' dir='ltr'>expo·</span> <span class='ocrx_word' id='word_1_274' title='bbox 708 3756 759 3802; x_wconf 87' lang='lat' dir='ltr'>rius</span> <span class='ocrx_word' id='word_1_275' title='bbox 771 3755 872 3801; x_wconf 81' lang='lat' dir='ltr'>Flaccus</span> <span class='ocrx_word' id='word_1_276' title='bbox 885 3753 959 3816; x_wconf 83' lang='lat' dir='ltr'>legati</span> <span class='ocrx_word' id='word_1_277' title='bbox 969 3766 1068 3799; x_wconf 83' lang='lat' dir='ltr'>munere</span> <span class='ocrx_word' id='word_1_278' title='bbox 1083 3751 1228 3815; x_wconf 85' lang='lat' dir='ltr'>praefuerat.</span> 
     </span>
     <span class='ocr_line' id='line_1_34' title="bbox 154 3831 1228 3894; baseline 0 -16"><span class='ocrx_word' id='word_1_279' title='bbox 154 3831 280 3891; x_wconf 69' lang='lat' dir='ltr'>mendam</span> <span class='ocrx_word' id='word_1_280' title='bbox 291 3833 347 3880; x_wconf 87' lang='lat' dir='ltr'>vide</span> <span class='ocrx_word' id='word_1_281' title='bbox 358 3833 390 3880; x_wconf 87' lang='lat' dir='ltr'>ad</span> <span class='ocrx_word' id='word_1_282' title='bbox 399 3835 424 3891; x_wconf 89' lang='lat'>1,</span> <span class='ocrx_word' id='word_1_283' title='bbox 439 3833 482 3893; x_wconf 90' lang='lat'>16,</span> <span class='ocrx_word' id='word_1_284' title='bbox 492 3850 517 3881; x_wconf 86' lang='lat' dir='ltr'>n.</span> <span class='ocrx_word' id='word_1_285' title='bbox 527 3840 553 3888; x_wconf 78' lang='grc'>4.</span> <span class='ocrx_word' id='word_1_286' title='bbox 707 3835 741 3881; x_wconf 83' lang='lat' dir='ltr'>Ea</span> <span class='ocrx_word' id='word_1_287' title='bbox 752 3833 835 3880; x_wconf 80' lang='lat' dir='ltr'>classis</span> <span class='ocrx_word' id='word_1_288' title='bbox 846 3832 888 3879; x_wconf 91' lang='lat' dir='ltr'>hic</span> <span class='ocrx_word' id='word_1_289' title='bbox 902 3832 992 3880; x_wconf 89' lang='lat' dir='ltr'>dicitur</span> <span class='ocrx_word' id='word_1_290' title='bbox 1002 3831 1034 3878; x_wconf 89' lang='lat' dir='ltr'>ad</span> <span class='ocrx_word' id='word_1_291' title='bbox 1045 3841 1145 3877; x_wconf 87' lang='lat' dir='ltr'>centum</span> <span class='ocrx_word' id='word_1_292' title='bbox 1155 3831 1228 3894; x_wconf 87' lang='lat' dir='ltr'>quin·</span> 
     </span>
     <span class='ocr_line' id='line_1_35' title="bbox 190 3910 1226 3977; baseline 0.002 -21"><span class='ocrx_word' id='word_1_293' title='bbox 190 3926 213 3956; x_wconf 81' lang='lat'>2.</span> <span class='ocrx_word' id='word_1_294' title='bbox 227 3913 366 3975; x_wconf 81' lang='lat' dir='ltr'>Longamm</span> <span class='ocrx_word' id='word_1_295' title='bbox 378 3913 476 3961; x_wconf 78' lang='lat' dir='ltr'>navium</span> <span class='ocrx_word' id='word_1_296' title='bbox 488 3913 589 3970; x_wconf 84' lang='lat' dir='ltr'>classis,·</span> <span class='ocrx_word' id='word_1_297' title='bbox 606 3911 663 3960; x_wconf 82' lang='lat' dir='ltr'>vide</span> <span class='ocrx_word' id='word_1_298' title='bbox 706 3913 823 3977; x_wconf 82' lang='lat' dir='ltr'>quaginta</span> <span class='ocrx_word' id='word_1_299' title='bbox 840 3928 915 3960; x_wconf 84' lang='lat' dir='ltr'>naves</span> <span class='ocrx_word' id='word_1_300' title='bbox 931 3912 1016 3975; x_wconf 82' lang='lat' dir='ltr'>longas</span> <span class='ocrx_word' id='word_1_301' title='bbox 1033 3910 1131 3974; x_wconf 83' lang='lat' dir='ltr'>expleta</span> <span class='ocrx_word' id='word_1_302' title='bbox 1149 3925 1226 3958; x_wconf 80' lang='lat' dir='ltr'>esse:</span> 
     </span>
     <span class='ocr_line' id='line_1_36' title="bbox 153 3988 1229 4050; baseline 0.001 -15"><span class='ocrx_word' id='word_1_303' title='bbox 153 3989 363 4050; x_wconf 78' lang='lat' dir='ltr'>adXXI,17,n.</span> <span class='ocrx_word' id='word_1_304' title='bbox 373 3993 397 4040; x_wconf 84' lang='lat'>5.</span> <span class='ocrx_word' id='word_1_305' title='bbox 706 3992 773 4040; x_wconf 86' lang='lat' dir='ltr'>unde</span> <span class='ocrx_word' id='word_1_306' title='bbox 802 3991 929 4040; x_wconf 85' lang='lat' dir='ltr'>manifeste</span> <span class='ocrx_word' id='word_1_307' title='bbox 953 4001 1051 4040; x_wconf 82' lang='lat' dir='ltr'>eentum</span> <span class='ocrx_word' id='word_1_308' title='bbox 1071 4004 1145 4037; x_wconf 75' lang='lat' dir='ltr'>novae</span> <span class='ocrx_word' id='word_1_309' title='bbox 1166 3988 1229 4037; x_wconf 85' lang='lat' dir='ltr'>addi</span> 
     </span>
     <span class='ocr_line' id='line_1_37' title="bbox 190 4069 908 4128; baseline 0.001 -12"><span class='ocrx_word' id='word_1_310' title='bbox 190 4071 212 4116; x_wconf 80' lang='lat'>3.</span> <span class='ocrx_word' id='word_1_311' title='bbox 225 4069 332 4117; x_wconf 78' lang='lat' dir='ltr'>Navibus</span> <span class='ocrx_word' id='word_1_312' title='bbox 344 4071 410 4118; x_wconf 80' lang='lat' dir='ltr'>novis</span> <span class='ocrx_word' id='word_1_313' title='bbox 424 4071 549 4128; x_wconf 48' lang='lat' dir='ltr'>dedicati„</span> <span class='ocrx_word' id='word_1_314' title='bbox 561 4072 617 4119; x_wconf 84' lang='lat' dir='ltr'>vide</span> <span class='ocrx_word' id='word_1_315' title='bbox 630 4071 661 4119; x_wconf 82' lang='lat' dir='ltr'>ad</span> <span class='ocrx_word' id='word_1_316' title='bbox 706 4072 851 4120; x_wconf 85' lang='lat' dir='ltr'>debuerunt.</span> <span class='ocrx_word' id='word_1_317' title='bbox 865 4072 908 4120; x_wconf 83' lang='lat' dir='ltr'>En.</span> 
     </span>
    </p>
   </div>
   <div class='ocr_carea' id='block_1_4' title="bbox 0 0 1396 4568">
    <p class='ocr_par' dir='ltr' id='par_1_5' title="bbox 0 0 1396 4568">
     <span class='ocr_line' id='line_1_38' title="bbox 0 0 1396 4568; baseline 0 2"><span class='ocrx_word' id='word_1_318' title='bbox 0 0 1396 4568; x_wconf 95' lang='lat' dir='ltr'> </span> 
     </span>
    </p>
   </div>
  </div>
 </body>
</html>
