2782 4568
182 310 299 422 atat:
416 331 512 396 uir.
539 330 687 397 xxiv.
714 329 825 396 oar.
853 330 879 394 1.
907 328 956 394 11.
1147 325 1217 422 373

158 451 257 521 ditio.
277 455 318 521 L.
332 437 440 520 Atilio
458 446 626 547 praefecto
646 448 822 546 praesidii,
837 449 972 545 quique
989 473 1072 519 cum
1091 475 1134 520 eo
1151 454 1220 520 mi·
1296 476 1299 480 ’

159 560 238 630 lites
250 559 395 629 ,romani
415 573 534 645 erant,
559 558 650 628 clam
668 559 708 627 in
726 572 874 656 portum
892 557 1056 633 deductis
1067 571 1093 648 ⁷,
1113 573 1222 656 atque

158 672 336 770 imposstis
349 672 387 740 in
405 656 531 754 nares,
547 684 588 739 ut
602 669 780 766 Rhegium
801 668 1076 757 deveherentur,
1093 670 1222 740 Hamil·

162 806 282 852 carem
301 786 507 875 Poenosque
531 804 572 851 ea
593 778 821 867 conditione,
842 793 882 849 ut
900 777 1019 849 foedus
1038 780 1222 879 extemplo

163 893 273 987 aequis
291 890 432 988 legibus
448 889 571 980 fieret,
586 891 623 959 in
643 887 772 960 urbem
794 905 1029 986 acceperunt:
1048 893 1151 987 cujus
1169 892 1222 962 rei

160 1026 277 1100 prope
289 1027 367 1072 non
379 1016 517 1071 servata
528 999 619 1072 fides
633 999 763 1071 deditis
775 1014 847 1088 est,
863 990 975 1096 quum
991 1005 1122 1071 Poenus
1136 1000 1221 1072 dolo

160 1102 347 1184 dimissum
367 1118 571 1184 Romanum
587 1114 769 1183 incusaret
780 1138 789 1200 ;
802 1116 999 1182 Locrenses
1021 1110 1222 1210 profugisse

159 1223 278 1320 ipsum
302 1237 548 1294 causarentur.
576 1223 765 1318 Insequuti
791 1222 896 1292 etiam
915 1223 1054 1318 equites
1073 1236 1175 1308 sunt,
1194 1222 1223 1293 si

160 1357 235 1428 quo
252 1358 336 1404 casu
355 1334 394 1402 in
410 1331 505 1403 freto
523 1346 628 1403 aestus
647 1333 800 1417 morari,
820 1346 881 1402 aut
899 1331 1037 1402 deferre
1056 1357 1164 1402 naves
1183 1334 1221 1401 in

161 1458 295 1513 terram
306 1457 439 1540 posset.
454 1447 498 1512 Et
512 1467 574 1513 eos
585 1438 751 1537 quidem,
766 1463 858 1534 quos
872 1440 1135 1535 sequebantur,
1147 1465 1222 1512 non

161 1565 246 1622 sunt
264 1548 428 1649 adepti⁸:
450 1551 534 1620 alias
552 1574 572 1620 a
594 1554 757 1620 Messana
782 1549 998 1644 trajicientes
1019 1548 1112 1621 freto
1127 1552 1223 1622 Rhe·

160 1661 380 1756 ginmnaves
390 1673 670 1755 conspexerunt.
682 1658 813 1728 Milites
823 1673 925 1729 erant
934 1662 1075 1731 romani
1089 1663 1223 1733 aClau-

162 1769 222 1839 dio
246 1783 401 1868 praetore
423 1769 521 1838 missi
543 1767 588 1838 ad
612 1767 855 1839 obtinendam
875 1767 1002 1840 urbem
1027 1772 1223 1868 praesidio:

161 1881 283 1976 itaque
308 1879 447 1976 Rhegio
469 1878 650 1976 externplo
668 1876 873 1949 abscessum
900 1894 961 1950 est.
984 1882 1224 1954 Locrensibus

160 1992 264 2087 jussu
276 1989 486 2061 Hannibalis
507 1989 588 2059 data
604 2013 692 2086 pax,
709 2005 750 2059 ut
767 1989 870 2060 liberi
880 1996 953 2062 suis
974 1991 1108 2089 legibus
1126 2000 1224 2064 vice-

163 2115 258 2188 rent‚·
271 2101 350 2172 urbs
360 2116 506 2198 pateret
519 2104 655 2187 Pcem's,
664 2116 791 2197 portus
805 2106 841 2170 in
850 2088 1062 2198 polestotem
1075 2109 1224 2176 Locren-

162 2218 255 2283 sium
264 2220 379 2282 essem
393 2238 404 2278 .·
419 2216 569 2282 societas
584 2235 627 2280 eo
629 2213 718 2305 jure
729 2225 851 2296 staret,
869 2230 912 2281 ut
921 2218 1055 2283 Poenus
1070 2219 1225 2284 Locren-

162 2346 253 2406 sem,
271 2325 527 2417 Locrensisque
540 2326 692 2390 Poennm
703 2345 800 2417 pace
812 2345 856 2390 ac
872 2321 965 2392 bello
974 2322 1130 2416 juvaret.

210 2436 256 2500 II.
283 2430 339 2500 Sic
358 2455 379 2500 a
396 2427 490 2500 freto
504 2430 605 2500 Poeni
623 2430 782 2519 reducti,
801 2428 1040 2516 frementibus
1057 2435 1225 2522 Bruttiis,

165 2537 265 2635 quod
286 2538 463 2634 Rhegium
483 2563 525 2609 ac
545 2544 700 2628 Locros,
721 2566 812 2636 quas
836 2539 945 2613 urbes
965 2541 1169 2640 direpturos
1188 2571 1226 2617 se

166 2647 432 2717 destinaverant
445 2658 472 2735 ¹,
498 2650 649 2720 intactas
678 2652 916 2748 reliquissent.
942 2658 1069 2751 Itaque
1095 2680 1160 2753 per
1190 2682 1228 2729 se

166 2758 252 2852 ipsi,
268 2757 478 2854 conscriptis
493 2760 709 2854 armatisque
720 2761 921 2854 juventutis
933 2788 1004 2833 suae
1020 2765 1227 2859 quindecim

167 2864 346 2952 millibus,
368 2864 414 2934 ad
440 2869 639 2938 Crotonem
662 2872 949 2967 oppugnandum
974 2890 1133 2970 pergunt
1157 2878 1228 2963 ire,

167 3001 317 3074 graecam
338 2990 373 3046 et
396 2977 510 3073 ipsam
529 2975 678 3068 urbem,
700 2994 737 3050 et
760 2983 975 3052 maritimam
998 3011 1005 3052 ε
1030 2981 1228 3080 'plurimum

167 3111 392 3159 accessurum
415 3085 562 3184 opibus,
584 3088 613 3158 si
635 3089 674 3157 in
696 3114 759 3159 ora
780 3092 887 3162 maris
911 3089 1040 3162 urbem
1060 3080 1169 3192 portu
1187 3119 1229 3166 ac

206 3303 229 3346 7.
245 3283 363 3350 Proesccto
376 3281 500 3346 praesidii,
517 3281 605 3345 quique
623 3298 677 3330 cnm
755 3289 816 3338 Car.
831 3292 866 3337 11.
882 3305 904 3336 1.
921 3290 994 3337 Urbes
1006 3288 1141 3354 direp'turos
1151 3309 1177 3340 se
1188 3294 1229 3340 de·

170 3380 198 3410 co
214 3364 298 3410 milites
313 3379 374 3410 rom.
389 3372 472 3417 erant,
488 3359 597 3407 deductis
612 3377 676 3424 pro:
720 3366 869 3415 minaverunt
879 3369 965 3416 animis
978 3367 1229 3432 (astruamur,

170 3455 195 3488 ct
211 3441 324 3488 militibus
339 3458 414 3498 rom„
429 3439 484 3504 qui,
501 3450 545 3487 etc.
560 3439 631 3488 Cous.
646 3440 677 3488 ad
722 3453 754 3501 44
763 3463 770 3504 ;
780 3448 877 3504 XLIII,
890 3446 967 3513 7al.)‚
976 3447 994 3496 i.
1007 3465 1028 3497 e.
1040 3449 1229 3511 constituerant,

170 3522 261 3578 XXII,
274 3534 322 3577 20,
337 3535 362 3565 n.
374 3535 386 3578 7
396 3536 404 3577 3
414 3520 510 3574 XXIV,
522 3525 568 3578 40,
577 3535 601 3565 n.
611 3518 641 3577 6,
653 3530 678 3567 et
721 3523 768 3572 sibi
779 3538 972 3590 proposuerant3
988 3528 1080 3575 Stroth.
1093 3556 1128 3564 -
1144 3530 1231 3577 Urbem

171 3597 400 3656 xxv11,5,n.3.
716 3615 791 3666 portu
805 3621 835 3650 ac
848 3605 971 3652 moenibus.
988 3608 1022 3653 Ea
1039 3618 1075 3654 est
1093 3594 1230 3656 emendatio
1322 3598 1328 3619 ⁴

207 3679 231 3724 8.
247 3676 303 3722 Non
314 3685 370 3721 sunt
380 3673 478 3737 adepti;
492 3672 548 3722 vide
562 3691 634 3740 supra
647 3676 679 3723 ad
722 3684 843 3730 aMureto
853 3683 934 3742 allata,
945 3696 969 3732 et
980 3685 1160 3750 comprobatas
1171 3689 1234 3735 Gro·
1338 3694 1340 3700 '

172 3759 212 3814 11,
225 3757 271 3813 30,
286 3771 311 3800 u.
325 3768 348 3811 7·
723 3761 813 3819 novio,
822 3778 892 3825 quam
903 3763 975 3810 etiam
988 3761 1069 3812 firmat
1080 3782 1143 3814 unus
1155 3769 1232 3814 Hear-

207 3849 231 3894 9.
241 3836 328 3879 Portus
338 3830 363 3878 in
369 3839 516 3893 potestatem
527 3832 680 3879 Locrensium
724 3839 760 3886 nii
770 3839 857 3887 codex.
867 3839 918 3887 Alii
927 3841 998 3900 dant,
1003 3855 1103 3906 portum
1112 3861 1143 3892 ac
1153 3847 1234 3894 urbem

167 3916 247 3966 ‘esset5
260 3910 293 3957 ita
307 3909 395 3974 optimi
407 3908 481 3966 MSS,
495 3924 558 3967 1¹⁰³,
568 3921 596 3957 ut
606 3912 680 3976 vulgo
726 3918 841 3965 inconibus
859 3917 989 3978 validam
1006 3923 1103 3985 quidam
1123 3937 1236 3991 transpo«

174 3994 274 4060 legitur,
282 4007 403 4060 potestate
409 4013 420 4053 ;
436 3993 492 4045 vide
507 4011 579 4058 supra
595 3999 625 4045 ad
642 4001 681 4060 11,
726 4010 803 4056 nunt,
818 3998 882 4046 iuter
893 4016 955 4062 quos
969 4014 1052 4051 noster
1064 4007 1119 4053 Put.
1134 4005 1182 4065 ita,
1198 4022 1238 4052 ur«
1309 4060 1313 4065 ⁴

178 4084 221 4136 14,
234 4093 258 4123 n.
267 4091 291 4121 2.
727 4079 779 4124 bem
793 4095 823 4125 ac
832 4090 940 4142 potuim.
956 4081 999 4129 En.
