2782 4568
181 309 303 408 ltitztlt
368 319 1023 394 urn.xxnr.clr.xv.xv1.
1149 340 1217 412 297
1309 329 1313 335 ·

156 449 374 548 «praemium
391 445 458 515 erit
475 470 482 512 :
502 455 555 529 et,
574 466 649 538 quo
667 437 895 534 frequentior
915 459 1058 507 mecum
1074 433 1183 507 fueris
1193 433 1220 525 ⁵,

157 560 319 632 «senties
340 579 418 628 eam
445 579 523 625 rem
549 550 614 623 tibi
639 550 803 647 dignitati
833 564 942 646 atque
973 547 1225 618 emolumento

157 697 174 734 r
189 693 275 739 esse.
293 697 309 732 t)
332 672 503 762 Laetoque
527 663 651 758 juveni
676 661 859 757 promissis
889 682 1023 756 equum
1052 658 1223 728 eximium

157 777 257 859 dono
266 774 567 872 dat‚bigat0sque
577 773 795 869 quingentos
805 784 1022 867 quaestorem
1032 791 1224 838 numerare

154 888 280 985 jubet3
305 885 491 958 lictoribus
513 886 684 982 imperat,
706 896 747 954 ut
771 906 854 952 eum
872 906 913 952 se
938 879 1057 967 adire,
1081 880 1223 975 quoties

156 999 265 1086 velit,
287 998 479 1095 patiantur.

205 1113 301 1180 XVI.
319 1113 392 1177 Hac
411 1106 579 1176 comitate
597 1101 757 1174 Marcelli
777 1099 906 1172 ferocis
920 1100 1064 1195 juvenis
1085 1099 1225 1168 animus

157 1218 251 1290 adeo
277 1233 330 1289 est
351 1217 533 1301 mollitus,
554 1231 595 1286 ut
617 1237 727 1286 nemo
754 1213 839 1283 inde
864 1212 1044 1283 sociorum
1065 1234 1143 1280 rem
1163 1230 1224 1278 ro·

158 1355 302 1400 manain
320 1326 449 1399 fortius
463 1351 502 1398 ac
520 1325 663 1397 fidelius
682 1325 824 1420 juverit.
845 1328 968 1414 Quum
986 1320 1166 1392 Hannibal
1181 1318 1226 1420 ad

159 1456 282 1537 portas
304 1453 397 1510 esset
417 1438 572 1536 (Nolam
593 1439 690 1507 enim
711 1461 835 1506 rursus
854 1460 875 1506 a
892 1435 1045 1508 Nuceria
1063 1443 1226 1503 moverat

160 1547 314 1642 castra),
328 1548 528 1645 plebesque
547 1547 678 1620 nolana
698 1546 743 1617 de
761 1547 904 1642 integro
926 1544 971 1614 ad
986 1541 1227 1614 delectionem

161 1670 373 1756 spectaret¹,
383 1657 574 1735 Marcellus
585 1656 654 1728 sub
665 1657 860 1727 adventum
873 1656 1033 1727 hostium
1045 1656 1140 1724 intra
1152 1676 1229 1722 rnu-

76 1803 84 1812 .
162 1792 223 1839 ros
239 1793 275 1840 se
291 1771 448 1866 recepit3
466 1794 542 1840 non
559 1769 683 1839 castris
696 1782 883 1853 metuens,
896 1766 958 1836 sed
973 1790 1020 1835 ne
1032 1760 1229 1861 prodendae

159 1877 260 1947 urbis
292 1881 519 1949 occasionem
547 1880 653 1949 nimis
682 1878 805 1948 multis
834 1878 873 1946 in
900 1902 979 1947 earn
1005 1873 1228 1945 imminenti·

160 1983 230 2056 bus
250 1986 360 2057 daret.
376 1989 509 2058 Instrui
525 1987 656 2059 deinde
677 1989 862 2082 utrimque
879 1987 973 2058 acies
994 2001 1138 2083 coeptae,
1155 1989 1229 2053 Ro-

161 2119 353 2167 manorum
371 2122 439 2194 pro
456 2097 641 2170 moenibus
660 2097 781 2185 Nolae,
799 2102 995 2167 Poenorum
1012 2109 1096 2165 ante
1115 2109 1229 2165 castra

162 2229 224 2277 sna
236 2234 244 2275 ε
258 2208 378 2304 praelia
393 2209 480 2280 hinc
499 2234 610 2308 parva
625 2210 720 2281 inter
738 2207 869 2280 urbem
887 2223 1094 2303 castraque,
1114 2219 1151 2275 et
1165 2228 1229 2273 va-

161 2318 216 2387 rio
236 2333 369 2389 eventu
386 2318 546 2407 fiebant3
566 2322 652 2417 quia
670 2320 781 2421 duces
800 2343 868 2390 nec
882 2317 1077 2416 probibere
1093 2339 1229 2416 paucos

162 2441 297 2498 temere
311 2445 563 2525 provocantes,
575 2455 643 2501 nec
657 2430 743 2501 darc
756 2431 899 2528 signum
914 2420 1090 2499 universae
1099 2449 1230 2524 pugnae

161 2538 344 2610 volebant.
366 2546 409 2611 ln
432 2541 500 2612 hac
516 2543 692 2613 continua
705 2543 807 2637 jam²
826 2540 984 2612 duorum
1006 2541 1229 2611 exercituum

105 2736 108 2742 Ι
163 2651 336 2738 statione,
351 2653 534 2750 principes
547 2653 771 2725 Nolanorum
783 2655 953 2724 nuntiant
967 2649 1157 2738 Marcello,
1170 2674 1232 2720 no-

199 2879 223 2926 5.
235 2881 288 2942 Quo
287 2879 444 2944 frequentior
450 2898 541 2928 mecum
542 2881 624 2947 fieris
627 2918 636 2940 ‚
645 2899 675 2930 eo
718 2888 750 2930 In
763 2900 817 2930 eam
831 2883 1008 2932 imminentibus
1023 2884 1191 2940 occasionem,
1204 2895 1232 2930 ut

164 2959 240 3022 tnagis
252 2960 350 3018 senties,
364 2972 423 3020 etc.;
438 2961 488 3008 vid.
496 2964 535 3020 11,
546 2961 588 3020 45,
597 2978 623 3010 n.
634 2978 674 3010 ra.
719 2965 805 3023 XXV,
819 2979 865 3021 203
878 2963 935 3011 vide
947 2964 979 3011 ad
992 2965 1046 3021 ΙΙΙ,
1060 2963 1106 3021 51,
1120 2979 1145 3010 n.
1158 2963 1183 3010 3.
1196 2990 1230 3000 -

164 3065 198 3073 —
205 3037 272 3103 Big„
281 3039 407 3096 denarios3
418 3056 441 3087 v.
450 3041 540 3098 xxu,
551 3040 582 3087 52
591 3073 598 3098 ‚
607 3057 633 3088 n.
646 3042 673 3101 35
722 3044 819 3089 Temere
823 3053 992 3106 provocantes.
1000 3043 1079 3089 Antea
1089 3040 1233 3104 vulgabatur

164 3111 280 3186 δραχμὰς
298 3119 409 3187 ἀργυρίου
425 3119 589 3178 πεντακοσίας
608 3122 674 3173 Plut.
720 3132 847 3184 rogantes,
861 3120 928 3183 quod
943 3119 1046 3167 obscure
1061 3119 1154 3167 dictum
1168 3120 1234 3168 vide·
1311 3109 1313 3123 ¹

163 3196 181 3248 l.
192 3198 209 3245 l.
224 3198 266 3260 qui
279 3199 352 3245 etiam
369 3198 490 3246 simillima
509 3199 539 3247 de
558 3198 633 3251 Fabio
651 3211 676 3248 et
719 3200 793 3248 batur
808 3212 815 3245 ι
831 3214 875 3245 cur
893 3199 959 3246 enim
975 3198 1049 3246 duces
1064 3213 1115 3245 nou
1134 3197 1236 3262 denega·

164 3277 248 3324 Marso
262 3276 368 3338 quodam
385 3278 459 3324 refert
473 3278 499 3324 iu
519 3277 607 3335 Fabio,
619 3295 675 3343 pag.
719 3289 775 3325 rent
786 3276 826 3334 id,
836 3277 905 3339 quod
916 3287 1006 3324 temere
1019 3279 1178 3339 rogarentur?
1186 3278 1235 3327 Sed

151 3355 226 3402 ·185.
238 3382 272 3390 -
284 3357 362 3420 Bigati
375 3355 503 3421 quingenti
514 3355 627 3404 efficiunt
639 3373 677 3406 se·
721 3357 811 3406 clariss.
825 3357 897 3405 Cret.
913 3368 938 3405 et
957 3356 1031 3405 Drnk.
1045 3357 1073 3405 in
1089 3356 1234 3419 quibusdam

165 3443 233 3496 ptem
241 3449 332 3482 marcas
341 3437 434 3499 argenti
442 3447 563 3484 nostrates
570 3452 625 3484 cum
634 3453 678 3485 sex
721 3436 795 3484 codd.
803 3438 949 3485 invenerunt
955 3435 1096 3499 procantis,
1108 3436 1238 3499 undeprc·

166 3511 246 3557 unciis
262 3523 286 3558 et
303 3515 425 3562 semuncia
441 3531 496 3562 una.
514 3516 593 3579 Biqati
606 3516 678 3563 nimi-
721 3528 833 3564 vocantes
843 3531 926 3563 eruere
935 3531 986 3562 uon
996 3515 1146 3563 dubitarrmt.
1155 3517 1236 3577 Quum

167 3605 222 3636 rum
232 3590 306 3648 nibil,
315 3604 356 3638 aut
367 3593 492 3644 minimum
507 3594 652 3644 differebant
664 3612 679 3643 ι
721 3596 843 3660 utrimque
857 3606 950 3643 starent
965 3595 1030 3642 acies
1043 3595 1070 3642 in
1086 3606 1235 3659 conspectu,

168 3669 329 3734 quadrigam,
340 3671 467 3735 dequibus
477 3691 550 3740 supra
561 3675 579 3722 1.
588 3677 678 3733 XXII,
720 3677 794 3739 pauci
804 3676 899 3736 injussu
911 3676 1085 3740 imperatorum
1097 3685 1187 3722 temere
1199 3675 1235 3722 lu·

168 3765 222 3814 cap.
240 3751 287 3806 523
302 3750 349 3796 nisi
367 3751 434 3814 quod
449 3752 476 3800 bi
493 3754 679 3819 quadrigarum,
721 3755 818 3803 tardum
828 3754 959 3819 oppositos
968 3755 1107 3802 sibihostes
1116 3769 1236 3818 provoca-

168 3829 205 3876 illi
221 3830 331 3894 bigarum
349 3829 453 3894 effigiem
471 3832 617 3899 insculptam
639 3849 679 3897 ge·
722 3834 783 3882 bunt
793 3849 800 3882 ε
812 3850 875 3897 quos
885 3833 1016 3899 prohibere
1026 3835 1100 3882 duces
1112 3849 1163 3883 nou
1174 3834 1236 3883 tanti

169 3909 261 3958 rebant.
276 3913 321 3959 En.
723 3931 775 3962 esse
786 3914 915 3963 ducebant.
931 3915 977 3963 En.

205 3988 344 4038 Ciam.
359 4006 380 4037 r.
395 3990 440 4037 Ad
448 3989 534 4054 defiet.
544 4005 664 4056 spectaret
668 4012 679 4052 ;
757 4010 781 4041 a.
796 3997 827 4040 In
843 3993 890 4040 linc
903 3995 1019 4042 continua
1023 3994 1080 4059 jam
1093 4010 1105 4054 7
1121 3996 1198 4053 MSS,
1208 4006 1232 4042 et

169 4066 226 4117 vide
238 4069 269 4115 ad
281 4085 302 4117 c.
314 4078 358 4129 rt,
372 4086 398 4118 n.
412 4071 440 4129 8,
452 4081 477 4124 et
489 4073 514 4130 1,
527 4085 557 4134 9,
568 4089 593 4122 n.
605 4074 630 4122 3.
643 4101 678 4113 --
722 4074 773 4122 fere
782 4089 812 4122 ro
819 4073 867 4122 abr
880 4073 1023 4123 Comiciana
1030 4074 1086 4124 edd.
1093 4085 1149 4124 aute
1156 4074 1233 4122 Genu.
