2782 4568
192 322 238 393 92
618 301 656 364 r.
690 300 827 368 nvn
1105 280 1226 389 alst:

191 422 341 516 insuper
355 419 559 514 imponunt.
576 423 725 506 Poenus,
742 443 852 517 opere
869 423 1053 518 occupatis
1069 422 1250 513 hostibus,

192 525 436 602 Maharbalem
452 552 535 599 cum
549 528 604 598 ala
616 529 867 619 Numidarum,
879 531 1064 627 equitibus
1078 535 1252 630 quingen-

191 643 258 726 tis,
280 640 325 710 ad
344 639 620 736 depopulandos
643 641 824 710 sociorum
845 642 971 738 populi
988 646 1128 713 romani
1146 665 1251 741 agros

190 751 312 822 mittit.
326 751 437 821 Gallis
449 752 546 847 parci
556 772 665 847 quam
674 752 829 822 maximo
836 751 959 847 jubet,
971 755 1250 852 principumque

191 862 331 931 animos
343 858 523 930 sollicitari
535 860 581 931 ad
594 857 846 932 delectionem.
860 868 973 933 Ponte
987 862 1166 960 perfecto,
1181 881 1252 936 tra-

192 971 322 1043 ductus
337 994 509 1041 romanus
522 971 699 1041 exercitus
713 971 752 1040 in
766 994 889 1069 agrum
905 972 1136 1044 Insubrium²
1149 977 1252 1072 quin-

111 1088 112 1092 ’
190 1106 263 1178 que
280 1081 390 1152 millia
404 1106 575 1177 passuum
590 1105 610 1150 a
623 1082 840 1152 Victumulis
859 1084 1031 1154 consedit.
1048 1083 1103 1154 Ibi
1118 1089 1251 1156 Hanni-

189 1190 249 1262 bal
269 1207 382 1262 castra
401 1189 579 1279 habebam
604 1207 847 1290 revocatoque
868 1210 1024 1291 propere
1043 1194 1250 1268 Maharbale

191 1315 300 1398 atque
329 1299 533 1398 equitibus,
564 1323 678 1396 quum
701 1302 834 1372 instare
862 1317 1044 1373 certamen
1069 1317 1249 1390 cerneret,

190 1410 282 1482 nihil
298 1435 460 1507 unquam
475 1413 559 1481 satis
574 1410 709 1480 dictum
723 1414 1050 1509 praemonitumque
1063 1411 1109 1482 ad
1124 1411 1250 1482 cohor-

188 1520 320 1594 tandos
335 1523 466 1593 milites
478 1535 594 1606 ratus,
610 1523 745 1591 vocatis
759 1523 804 1592 ad
823 1525 1037 1595 concionem
1052 1540 1150 1594 certa
1165 1549 1251 1621 prae·

188 1635 260 1704 mia
275 1634 508 1732 pronuntiat,
526 1635 565 1702 in
583 1657 742 1728 quorum
757 1658 858 1731 spem
876 1649 1091 1732 pugnarent.
1108 1640 1250 1732 Agrum

187 1768 263 1814 sese
285 1745 455 1814 daturum
476 1767 550 1813 esse
575 1749 612 1812 in
632 1742 760 1829 Italia,
783 1745 933 1835 Africa,
956 1749 1164 1840 Hispania,
1187 1744 1252 1814 ubi

187 1859 341 1951 quisque
353 1851 464 1939 uelit,
481 1859 673 1922 immunem
692 1857 763 1948 ipsi
771 1906 780 1940 ,
803 1858 870 1948 qui
887 1858 1100 1948 accepisset,
1116 1850 1249 1923 liberis-

187 1987 287 2060 que:
313 1969 378 2060 qui
387 1969 606 2060 pecaniam,
634 1988 746 2061 quam
767 1987 917 2058 agrum,
938 1961 1139 2047 maluisset,
1161 1967 1250 2032 eise

112 2068 117 2079 '
187 2090 337 2173 argento
359 2075 666 2165 satisfacturam:
687 2077 945 2170 qui'socr'orum
961 2078 1050 2143 cives
1067 2070 1249 2166 carthagi-

187 2185 419 2279 niensesfieri
429 2182 583 2268 vellent,
596 2199 810 2282 potestatem
812 2184 1002 2274 facturum
1019 2211 1028 2252 :
1044 2188 1110 2279 qai
1123 2181 1251 2252 domos

189 2296 306 2366 redire
318 2295 486 2382 mallent,
507 2296 676 2366 datarum
687 2321 725 2366 se
739 2320 905 2394 operam,
922 2318 967 2364 ne
983 2297 1085 2389 cajus
1103 2317 1248 2363 suorum

181 2406 423 2502 popularium
451 2421 627 2477 mutatam
645 2430 765 2477 secam
776 2409 967 2496 fassianam
992 2424 1068 2474 esse·
1083 2399 1246 2473 velleret

188 2517 305 2586 Servis
324 2542 473 2613 quoque
490 2517 658 2587 dominos
677 2506 1147 2614 prosequutislibcrtatcm4
1161 2536 1248 2608 pro·
1307 2505 1310 2512 ’

185 2714 258 2767 gent,
275 2714 303 2750 ut
316 2714 370 2750 rate
383 2720 437 2767 oap-
455 2712 497 2764 47,
515 2704 615 2768 ProprIe
630 2703 696 2768 ripas
740 2704 784 2751 ulii
794 2705 821 2750 in
832 2703 978 2767 quibusdam
985 2702 1047 2749 MSS
1057 2709 1135 2747 exstat
1146 2698 1250 2746 Vintimi-

186 2784 246 2842 ejue.
256 2783 328 2832 Conl.
338 2783 426 2848 Polyb.
436 2786 487 2843 ΠΙ,
496 2786 543 2843 643
550 2795 690 2846 ponte.....
740 2783 819 2830 hrum
839 2795 865 2831 et
885 2780 1085 2829 Victimuliaram.
1103 2781 1189 2841 Itaque
1209 2779 1250 2826 vel

182 2861 495 2926 pontispvidead1,3‚n.
510 2866 533 2913 8.
547 2891 583 2902 -
593 2865 697 2927 Insuper
740 2866 808 2930 apud
824 2866 908 2914 strala·
919 2876 945 2911 et
960 2864 1021 2910 Plin.
1034 2858 1248 2926 Οὺϊκτουμοὺλων,

186 2943 312 3006 inponunt
318 2960 328 2999 ,·
338 2943 404 2989 conf.
415 2943 447 2990 ad
458 2954 512 3008 cap,
524 2959 547 3002 1,
559 2960 585 2990 n.
599 2944 624 2990 6.
741 2942 942 2997 Wetumulormli,
953 2939 1083 3004 legendum
1092 2938 1249 2996 crediderim,

221 3038 247 3070 a.
262 3024 292 3068 Ire
302 3036 388 3086 agrum
398 3023 549 3089 Insubrium
560 3022 612 3071 vid.
621 3021 653 3069 ad
661 3025 694 3082 V,
738 3022 814 3069 velh.
826 3022 843 3068 l.
858 3021 892 3067 ab
904 3019 1021 3066 leeimalis
1027 3053 1036 3076 ,
1051 3036 1094 3067 seu
1108 3017 1246 3073 lacrimulis,

187 3103 235 3160 34,
252 3117 277 3148 n.
295 3116 320 3162 9.
340 3127 375 3136 -
394 3103 419 3148 A
437 3102 577 3150 I'iccumalis
595 3117 626 3149 ex
643 3118 694 3149 uno
739 3113 763 3149 et
775 3117 828 3165 cap.
847 3099 878 3158 57
899 3098 936 3145 ad
947 3098 1098 3154 lacernulas,
1110 3106 1153 3142 seu
1167 3094 1248 3141 Victa-

185 3181 240 3228 eud.
255 3181 336 3244 recepi
346 3197 353 3239 3
365 3181 393 3227 in
405 3181 505 3245 reliquis
517 3182 580 3230 MSS
595 3192 619 3228 et
637 3181 693 3229 edd.
739 3180 835 3227 malos:
851 3194 908 3225 nam
924 3177 960 3224 ibi
978 3183 1020 3224 aut
1037 3177 1117 3232 idem,
1134 3173 1177 3237 qul
1194 3173 1247 3231 hic,

184 3271 245 3308 anm.
258 3259 427 3317 vicesimam
438 3261 465 3308 in
475 3270 576 3310 recente.
589 3261 694 3308 Victum·
740 3258 970 3323 designaturlo‘oas,
983 3266 1100 3305 anecerte
1109 3267 1164 3300 non·
1171 3252 1247 3312 alius,

187 3339 254 3387 siise
270 3341 335 3400 conj.
352 3340 472 3401 Rubellii,
488 3353 512 3390 et
525 3358 578 3406 cap.
596 3341 638 3401 57,
651 3342 697 3389 uhi·
739 3355 811 3402 pam
825 3339 869 3400 qut
886 3336 1000 3384 Straboni
1015 3341 1173 3389 memoratur,
1188 3347 1250 3395 quo·

111 3464 117 3480 x
185 3418 246 3466 allus
257 3429 340 3466 tamen
349 3419 419 3467 locus
432 3432 480 3480 est,
491 3433 544 3470 tum
555 3421 653 3468 demum
663 3422 695 3468 als
737 3420 804 3466 niam
812 3429 914 3480 uterque
919 3423 999 3478 prope
1011 3411 1165 3460 Plaeemiam
1176 3411 1231 3460 filit.

186 3497 321 3545 Hannibale
339 3510 439 3563 eaptus,
452 3501 495 3562 qui
509 3501 560 3560 jam
578 3516 645 3546 nunc
664 3500 695 3546 ad
775 3498 798 3543 3.
824 3496 864 3541 Ne
885 3493 952 3556 cajus
973 3504 1072 3539 suorum
1090 3491 1250 3555 popularium

186 3581 351 3629 Viemmulos
361 3593 439 3629 castra
454 3582 577 3638 habebam
597 3581 693 3629 Stroth.
730 3578 862 3643 fortunam
871 3583 991 3619 mutatam
1001 3587 1051 3639 esse
1059 3571 1247 3626 pellenaeorum,

185 3645 217 3708 tls
231 3659 384 3726 Οὐιρκέλλοις
397 3658 557 3727 χρυσωρύχιον
569 3651 607 3710 li·
621 3656 697 3725 κώμη
738 3671 794 3704 cnm
808 3669 858 3700 sua.
873 3653 936 3697 Das's
952 3650 986 3697 sie
1001 3649 1040 3697 ilar
1054 3650 1132 3698 Glie'ek
1144 3648 1249 3696 mit->kei-

184 3729 212 3784 θ’
221 3735 273 3787 ἐστὶ
283 3738 384 3792 πλησίον
399 3728 564 3805 Ῐκτουμοὺλων
576 3735 618 3788 καὶ
630 3737 692 3787 ταῦ·
738 3747 792 3783 nem
805 3731 870 3778 ihrer
883 3730 1029 3777 Lendsle'ate
1043 3746 1075 3777 eu
1087 3725 1248 3776 aercauscken

185 3830 229 3872 της
251 3821 294 3874 τῆς
315 3816 407 3886 κώμης
433 3816 507 3887 ἄμφω
530 3811 556 3867 ‹l’
577 3815 622 3870 alal
637 3817 693 3885 περὶ
735 3810 1024 3879 genfl'gssfflwfflrdens·
1036 3810 1111 3856 9⁰²¹&

185 3895 354 3959 Πλακεντίαν,
367 3902 482 3959 Strall;V‚
496 3919 518 3960 1¹,
531 3918 577 3960 12,
590 3910 616 3965 p.
632 3901 692 3948 218-¹
772 3901 797 3948 4.
811 3892 958 3939 Libertatem
963 3887 1082 3954 proponit
1091 3885 1179 3945 servis,
1190 3902 1248 3951 pro-

184 3974 349 4021 [stimulorum
360 3977 507 4042 aurifodinae
518 3979 543 4025 in
552 3976 696 4025 Vercellensi
737 3973 829 4020 mittit:
846 3983 875 4020 ut
892 3970 965 4035 paulo
984 3976 1041 4018 ante
1060 3978 1127 4013 certa
1141 3966 1249 4030 praemia

185 4068 245 4118 agro
255 4054 322 4118 apud
330 4055 393 4104 Plin.
405 4058 534 4117 xitum,
546 4065 577 4117 a,
593 4073 636 4105 seu
649 4071 692 4115 ar,
732 4052 886 4119 pronuntiat.
897 4053 1034 4115 Utrumque
1042 4047 1145 4098 verbum
1158 4046 1248 4112 passim
