2782 4568
153 286 278 394 32:333:
366 306 518 373 traua
539 305 653 406 yxxr.
682 303 785 373 ute.
816 304 956 371 exui.
1120 331 1185 405 ιη

128 433 221 501 Huic
246 430 287 496 in‘
307 427 490 523 provincia
514 424 740 496 consulatum
765 425 856 494 inire
884 425 1074 497 consilium
1097 445 1190 520 erat,

128 541 279 610 memori
295 552 453 607 veterum
471 538 705 606 certaminum
721 559 803 606 cum
820 533 1016 633 patribus³‚
1032 563 1113 633 quae
1128 543 1189 610 tri-

128 649 248 721 bunus
269 647 403 745 plebis,
419 661 455 717 et
475 671 553 742 quae
571 661 695 743 postea
713 646 860 730 consul,
876 649 976 744 prius
991 647 1036 719 de
1057 674 1189 721 consu·

108 761 223 847 latu,
248 760 311 855 qui
337 756 593 853 abrogabatur,
612 756 697 828 dein
721 756 766 827 de
790 757 976 854 triumpho
995 757 1189 850 habuerat3

129 871 263 939 invisus
290 869 397 938 etiam
427 864 590 963 patribus
614 865 663 936 ob
688 891 818 937 novam
846 867 983 964 legem,
1012 894 1121 964 quam
1143 872 1188 959 Q.

130 979 300 1050 Claudius
315 976 485 1048 tribunus
505 975 621 1073 plebis
638 975 808 1046 adversus
826 981 1024 1065 senatumt,
1038 1004 1113 1048 uno
1128 1005 1192 1077 pa-

128 1103 223 1159 trum
240 1088 432 1183 adjuvante
448 1092 485 1158 C.
499 1087 691 1175 Flaminio,
706 1087 836 1157 tulerat
852 1114 860 1155 z
875 1111 921 1156 ne
938 1088 1019 1183 quis
1033 1105 1189 1180 senator,

128 1201 230 1269 cuive
241 1199 442 1268 senatorius
453 1211 556 1293 pater
567 1195 708 1283 suisset,
724 1197 938 1266 maritimam
951 1221 1095 1287 navem,
1110 1226 1190 1296 quae

129 1308 209 1405 plus
225 1333 334 1404 quam
348 1321 592 1377 trecentarum
604 1303 882 1403 amphorarum⁵
894 1323 1001 1396 esset,
1018 1307 1188 1382 haberet:

127 1418 164 1488 id
179 1421 263 1489 satis
280 1417 445 1489 habitum
461 1417 506 1486 ad
522 1415 661 1488 fruetus
679 1443 723 1488 ex
740 1419 832 1515 agris
850 1417 1046 1489 vertendos
1066 1447 1074 1488 :
1093 1445 1189 1516 quar·
1213 1428 1222 1441 ’

125 1607 152 1652 in
161 1606 284 1653 Etruriam
293 1603 460 1651 contenderat.
470 1603 542 1653 Conf.
550 1602 638 1667 Polyb.
685 1605 731 1659 to,
747 1613 772 1649 n'.
790 1601 818 1667 4)
834 1603 944 1650 tulerat:
960 1619 990 1650 ae
1006 1604 1060 1667 quis
1078 1618 1189 1662 senator,

125 1688 181 1742 111,
197 1701 239 1744 77,
252 1701 309 1731 cum
322 1685 423 1730 Zonara.
684 1681 749 1727 cuive
759 1681 894 1728 senatorius
901 1680 1080 1746 paterfuisset,
1095 1694 1141 1732 ete.
1153 1685 1191 1733 Cf.

163 1764 185 1809 3.
194 1763 298 1808 Memori
303 1774 412 1809 ueterum
419 1761 577 1808 certaminum
584 1776 638 1806 cum
682 1760 847 1816 Cic.Verr.V,
859 1761 903 1818 183
914 1760 997 1819 Cujac.
1008 1760 1134 1820 Obsevl,
1145 1764 1192 1822 tt,

125 1841 256 1897 Patribus;
270 1841 301 1886 cf.
319 1840 427 1887 Freineb.
442 1840 568 1903 Supplem.
584 1839 636 1886 Liv.
682 1849 706 1884 et
715 1840 742 1886 L.
751 1841 775 1903 3,
783 1841 814 1897 D,
824 1838 969 1885 deexcusat.
976 1849 1000 1885 et
1006 1850 1083 1887 vacat.
1091 1842 1177 1887 muudi
1182 1876 1190 1898 ,

127 1919 171 1967 lib.
189 1921 255 1977 XX,
276 1934 306 1980 19
327 1930 351 1965 et
370 1926 411 1977 47.
428 1918 544 1965 Tribunus
558 1916 637 1980 plebis
681 1917 747 1965 unde
759 1918 914 1981 intelligitur,
927 1917 954 1964 id
965 1919 1018 1980 lege
1030 1919 1096 1965 Julia
1110 1919 1140 1965 de
1154 1937 1191 1966 re-

126 2009 210 2045 contra
235 2009 332 2045 senatus
357 1997 527 2044 auctoritatem
549 1996 636 2043 tulerat
680 1996 796 2060 petendis
821 1997 894 2043 fuisse
918 1999 1056 2060 repetitum.
1080 1998 1191 2045 Dukerns

126 2077 276 2138 rogationem
291 2076 321 2122 de
335 2091 393 2139 agro
407 2077 497 2138 piceno
511 2085 535 2121 et
549 2074 635 2136 gallico
680 2080 780 2131 mouet,
795 2092 809 2121 a
823 2075 894 2138 Ptgt.
904 2075 931 2120 in
942 2075 1009 2121 Ann.
1019 2074 1050 2120 ad
1061 2091 1117 2121 ann.
1131 2077 1190 2134 535,

125 2154 216 2201 viritim
229 2153 363 2203 dividendo
370 2171 377 2213 ;
385 2154 437 2202 vid.
448 2152 536 2218 Polyb.
544 2155 581 2208 II,
592 2169 635 2209 213
681 2154 750 2200 nullo
760 2163 859 2201 auctore
869 2163 893 2199 et
902 2152 1006 2201 Claudio
1014 2152 1090 2199 tribui
1099 2169 1191 2216 eogno-

126 2233 208 2280 Valer.
217 2235 319 2291 MaxN,
333 2240 361 2290 a,
375 2233 398 2290 5,
411 2244 435 2280 et
446 2232 499 2282 Cie.
511 2231 588 2279 Acad.
598 2234 636 2289 11,
681 2248 736 2278 men
745 2231 870 2288 Flaminii,
878 2242 903 2278 et
911 2230 1060 2278 tribunamm
1066 2231 1193 2296 legemque

129 2310 144 2357 5
151 2327 158 2368 ;
171 2314 225 2358 Inv.
237 2313 275 2369 11,
294 2326 322 2370 17
334 2328 341 2368 ;
356 2313 413 2374 Leg.
428 2313 478 2369 111,
494 2327 522 2372 9;
539 2310 597 2357 Div.
609 2311 635 2368 I,
681 2312 732 2370 ejus
744 2309 775 2356 ad
786 2325 876 2357 annum
887 2323 960 2372 praee.
969 2309 1060 2357 relerti.
1071 2310 1192 2359 careum

129 2389 232 2447 353111,
243 2390 329 2436 32-
340 2390 494 2451 Quoepostea
504 2388 590 2434 consul
596 2404 635 2434 an.
681 2388 763 2451 recepi
777 2387 872 2434 emend.
882 2387 990 2445 suoru,
1002 2389 1044 2449 qui
1058 2389 1110 2437 haee
1122 2402 1192 2438 nota·

127 2468 189 2514 Urb.
205 2469 268 2532 529,
283 2483 339 2514 cum
353 2470 381 2514 P.
395 2467 468 2513 Furio
484 2465 556 2514 Philo
567 2465 637 2528 prius
681 2467 732 2514 vit:
747 2488 759 2506 α
771 2468 885 2529 Ineptum
896 2466 1064 2528 eetvulgatum
1076 2468 1146 2531 quiae
1155 2486 1192 2517 se-

125 2545 157 2591 de
171 2546 312 2601 consulatu,
329 2545 372 2608 qui
385 2545 564 2610 abrogabatur,
582 2543 637 2592 dein
681 2544 775 2592 nataris
783 2555 858 2607 pater
860 2543 964 2609 fitr'sset5
974 2545 1043 2606 quaei
1054 2546 1075 2593 is
1085 2564 1130 2595 nee
1139 2549 1192 2613 ipse

125 2623 157 2669 de
170 2623 289 2686 triumpho
302 2623 433 2679 habuerat,
446 2623 504 2670 vide
515 2622 636 2669 Plutarch.
682 2634 744 2670 esset
758 2633 904 2682 cenator,et
917 2639 947 2670 ex
960 2622 1077 2686 dignitate
1089 2624 1191 2674 ffliiati-
1284 2622 1312 2667 -’

124 2703 153 2749 iu
159 2701 293 2758 Marcello,
302 2719 328 2766 p.
340 2718 404 2763 299,
413 2702 456 2764 qui
466 2701 552 2759 tradit,
562 2717 637 2762 quum
681 2701 742 2764 quid
754 2701 780 2746 in
793 2712 887 2764 patrem
900 2699 1054 2752 redundaret.
1066 2707 1144 2753 Immo
1159 2723 1191 2755 ne

125 2796 229 2843 auguret
248 2780 306 2826 vitio
325 2791 418 2827 creatos
439 2795 490 2825 esee
510 2779 636 2836 consules,
681 2780 716 2826 eie
730 2778 829 2841 quidem
843 2782 997 2846 plusquamp.
1002 2782 1093 2847 fuisset
1106 2785 1190 2834 locum

125 2859 242 2907 adversus
262 2859 374 2907 Insubres
395 2859 537 2922 profectos,
561 2855 636 2903 dixis·
680 2856 770 2904 hahere
782 2871 880 2921 posset:
894 2871 919 2907 et
931 2860 989 2908 hinc
1003 2878 1101 2925 quoque
1113 2865 1191 2913 nolim

124 2949 195 2995 seut,
214 2949 321 2985 eenamm
345 2955 387 2985 eos
409 2937 539 2985 confestim
560 2935 637 2985 literit
682 2951 737 2982 cum
751 2936 904 3004 Periafilius
917 2954 963 3001 pro
971 2951 1193 3005 paterreponere3

124 3018 229 3064 Romam
249 3033 375 3069 revocasse
395 3028 419 3064 et
434 3016 544 3076 jussisse,
565 3030 637 3077 quam
682 3014 813 3062 dicendum
826 3016 891 3062 enim
902 3016 1003 3065 fuisset:
1016 3036 1040 3081 q.
1050 3019 1145 3086 ofilius
1156 3038 1193 3068 es-

123 3097 230 3159 primum
251 3097 378 3143 consulatu
400 3112 425 3143 ee
444 3094 572 3151 abdicare,
592 3108 638 3145 nee
682 3104 744 3139 set.»
755 3097 828 3141 Forte
839 3105 919 3141 tamen
930 3095 1037 3142 incolent
1048 3097 1127 3145 videri
1138 3116 1192 3163 pot·

124 3173 317 3238 quidquampro
331 3173 433 3237 imperio
446 3186 542 3236 gerere:
555 3171 639 3218 Flami·
682 3172 714 3218 eit
733 3172 868 3218 senatorius
882 3184 971 3235 pater,
996 3185 1021 3220 et
1042 3176 1193 3237 probabilior

124 3253 192 3299 nium
206 3269 265 3300 vero
283 3253 327 3300 hae
340 3253 422 3299 literae
434 3267 486 3299 uon
498 3251 567 3315 priua
580 3265 636 3313 ape·
680 3250 821 3308 conjectura
830 3250 911 3296 Roelli
921 3265 928 3297 :
938 3251 1005 3298 cuive
1014 3266 1192 3319 senatorpater

91 3365 96 3374 .
124 3332 213 3389 ruisse,
228 3348 302 3395 quam
319 3330 402 3378 hostes
419 3330 523 3378 fudisset
539 3328 637 3393 (confer
673 3327 770 3393 flasset.

123 3410 212 3472 Polyb.
224 3414 262 3468 11,
278 3413 324 3468 32,
348 3410 395 3474 33)
410 3425 416 3458 :
434 3411 516 3472 itaque
534 3408 635 3469 victori,
717 3405 740 3450 5·
760 3405 914 3452 Maritimam
935 3423 1038 3466 narem,
1060 3425 1115 3472 quce
1133 3413 1191 3475 plus

123 3504 179 3535 cum
198 3490 294 3552 ingenti
314 3488 396 3552 praeda
413 3488 539 3546 redeunti,
552 3488 637 3535 trium·
682 3500 757 3548 quam
767 3496 927 3532 trecentarum
935 3486 1109 3549 amphorarum
1117 3503 1190 3550 esset,
1221 3528 1224 3534 .

122 3565 282 3630 phumfuiese
290 3579 419 3630 negatum3
429 3569 510 3631 ipsum
517 3582 577 3613 vero
588 3566 638 3629 pri·
682 3564 801 3612 baberet:
816 3580 873 3611 nam
889 3564 921 3611 ad
938 3567 1121 3629 amphorarum,
1133 3586 1192 3633 quae

122 3657 206 3693 vatum
215 3646 390 3709 triumphasse,
400 3657 424 3693 et
431 3662 490 3694 mox
497 3645 638 3707 magistratu
683 3642 827 3706 capiebant,
843 3659 971 3690 nnmerum
988 3646 1131 3707 magnitudo
1147 3665 1192 3696 na·

122 3723 190 3772 abire
204 3736 316 3773 eoactum
329 3741 388 3772 esse.
403 3725 476 3774 Cous.
487 3725 638 3783 Zonarac,et
681 3722 749 3767 vium
765 3722 829 3784 exigi
844 3721 954 3784 solebat3
972 3734 1000 3770 ut
1013 3740 1058 3771 noe
1074 3724 1192 3776 dicimus:

123 3801 155 3848 ad
165 3803 208 3850 Sil.
218 3805 263 3862 IV,
281 3803 331 3863 706
342 3819 378 3864 sq.
682 3800 720 3846 eia
732 3799 868 3863 Sebiffvort
879 3803 927 3848 300
939 3803 1050 3859 Τοιιηεη,Ι
1061 3806 1190 3854 strothius.

148 3865 182 3936 ι1,.
193 3881 230 3928 Ob
239 3898 328 3928 aovam
338 3882 428 3944 legem,
444 3897 519 3944 quam
529 3882 557 3943 Q.
567 3879 638 3928 Clau-
682 3878 860 3927 Constante.
871 3879 903 3925 ad
914 3880 992 3929 Cicer.
1002 3882 1058 3928 Div.
1070 3885 1133 3942 ΧΠ,
1146 3885 1177 3931 15
1182 3901 1190 3943 3

122 3957 175 4005 dius
192 3960 247 4008 trib.
257 3961 294 4024 pt.
308 3959 423 4006 adversus
436 3970 547 4006 senatum
561 3959 637 4022 (forte
682 3957 758 4005 Hard.
766 3956 797 4002 ad
807 3956 974 4016 Plin.Vl,na,
984 3968 1079 4019 senat,
1089 3964 1189 4011 etVose.

121 4036 221 4086 adverso
236 4050 339 4094 senatu,·
354 4040 466 4087 Gronov.
481 4038 553 4086 eout.
565 4037 597 4085 ed
610 4040 637 4096 1,
682 4036 714 4082 ad
726 4035 785 4082 Mel.
796 4051 822 4097 p.
835 4037 892 4083 280.
