2782 4568
164 281 193 385 t,
203 280 227 382 {1
240 296 287 382 33⁷5:
385 302 538 368 sinan
567 301 692 367 xxn.
721 298 824 366 cue.
852 300 958 367 xiii.
1137 296 1202 369 165

137 426 218 518 Ipse
229 423 380 517 imperat
389 419 488 511 duci,
498 434 539 491 nt
550 445 587 491 se
597 421 635 490 in
646 443 772 516 agrum
783 419 976 489 casinatem
987 417 1094 488 ducat
1105 408 1205 492 :edo-

137 546 217 602 ctus
230 557 249 601 a
261 531 385 629 peritis
396 532 604 629 regionum,
615 531 645 600 si
657 554 741 600 eum
753 530 882 600 saltum
895 543 1120 626 occupasset,
1132 533 1205 601 exi-

137 656 215 712 tum
229 648 393 712 Romano
408 641 454 711 ad
468 665 577 738 opem
591 638 778 711 ferendam
795 640 900 710 sociis
913 638 1202 711 interclusurum.

136 752 207 822 Sed
220 747 417 850 punicum6
428 750 629 823 abhorrens
644 749 689 820 ab
704 752 899 822 latinorum
913 749 1103 821 nominum
1119 777 1203 849 pro-

56 853 59 859 ’
135 861 286 951 latione,
301 888 368 960 pro
383 864 513 934 Casino
528 861 725 932 Casilinum
741 861 816 935 dux
830 876 871 932 ut
887 863 1084 959 acciperet,
1099 860 1202 952 fecit3

136 997 353 1070 aversusque
366 972 412 1044 ab
425 999 492 1044 suo
503 975 648 1061 itinere,
659 996 726 1068 per
738 970 924 1043 allifanum
936 972 1204 1069 calatinumque

135 1099 172 1154 et
190 1085 355 1156 calenum
373 1110 516 1182 agrum,
534 1087 573 1153 in
591 1107 758 1178 campum
775 1083 974 1154 stellatem⁷
989 1081 1201 1153 descendit:

134 1192 199 1263 ubi
213 1219 327 1291 quum
342 1194 529 1266 montibus
541 1191 826 1289 fluminibusque
841 1192 998 1263 clansam
1016 1195 1203 1289 regionem

134 1303 461 1400 circumspexisset,
480 1317 649 1373 vocatum
668 1303 798 1373 ducem
819 1316 1122 1399 percunctantur,
1139 1302 1204 1374 ubi

133 1425 312 1483 terrarum
339 1415 453 1484 esset?
478 1416 600 1504 Quum
622 1414 652 1482 is
677 1413 822 1484 Casilini
842 1411 965 1483 codic
990 1407 1202 1484 mansurum

132 1547 216 1592 eum
237 1523 403 1611 dixisset,
425 1538 502 1593 tum
520 1522 667 1594 demum
684 1523 850 1620 cognitus
870 1537 923 1592 est
941 1547 1058 1609 error,
1078 1536 1113 1592 et
1134 1527 1203 1592 Ca-

130 1632 254 1700 sinum
275 1632 383 1729 longe
403 1632 488 1703 inde
512 1634 580 1703 alia
600 1635 747 1730 regione
767 1656 845 1703 esse
866 1660 874 1701 ε
903 1632 1085 1729 virgisque
1112 1656 1202 1704 caeso

131 1739 246 1830 duce,
266 1756 302 1812 et
316 1743 361 1812 ad
379 1743 603 1840 reliquorum
625 1759 801 1815 terrorem
817 1744 857 1813 in
875 1768 1020 1814 crucem
1042 1743 1202 1832 sublato,

131 1853 254 1922 castris
286 1856 535 1945 communitis,
562 1855 807 1955 Maharbalem
840 1879 924 1925 cum
953 1855 1136 1953 equitibus
1161 1858 1200 1927 in

130 1984 255 2058 agrum
281 1961 460 2036 falernum
484 1966 682 2065 praedatum
702 1966 846 2037 dimisit.
873 1971 998 2063 Usque
1026 1966 1070 2036 ad
1090 1992 1200 2064 aquas

130 2072 377 2146 sinuessanas8
391 2076 579 2174 populatio
594 2103 635 2148 ea
650 2078 833 2174 pervenit:
846 2077 1029 2172 ingentem
1045 2075 1200 2165 cladem,

130 2179 252 2281 fugam
276 2199 397 2258 tamen
424 2203 675 2286 terroremque
705 2188 812 2258 latius
835 2184 998 2258 Numidae
1023 2183 1197 2256 fecerunt.

129 2401 273 2464 ponendum
286 2404 387 2467 putabat
402 2406 513 2453 Gronov.
529 2432 563 2442 -
577 2407 640 2454 MSS
685 2417 725 2452 tur
739 2405 805 2452 anim
817 2415 842 2452 et
859 2403 986 2450 nonnullis
1003 2401 1109 2450 naturali
1121 2402 1199 2463 vitio,

128 2489 210 2527 nmen
221 2481 263 2528 hie
273 2484 382 2541 variant,
395 2501 453 2531 nam
464 2501 477 2532 e
488 2485 578 2533 nostris
589 2485 641 2548 qni·
684 2484 727 2531 nbi
738 2500 839 2548 prorsus
853 2498 905 2530 non
919 2493 963 2530 est.
973 2504 986 2522 υ
1004 2481 1073 2528 Idem
1088 2482 1199 2532 Gronov.

129 2556 185 2604 dam
198 2558 258 2606 dant
271 2560 374 2610 monitos
385 2574 412 2608 ut
424 2562 498 2609 etiam
506 2563 639 2627 promissa.
685 2562 816 2609 delendum
830 2561 934 2625 putabat
947 2576 1032 2609 vocem
1041 2560 1196 2624 prolatione,

129 2636 175 2683 En.
190 2665 224 2673 -
238 2639 303 2686 Dnei
315 2640 369 2686 viae.
684 2655 738 2702 qnae
754 2640 785 2687 ab
800 2640 914 2687 omnibus
931 2640 981 2687 fere
997 2641 1060 2687 MSS
1079 2639 1160 2699 abest,
1174 2651 1199 2688 et

165 2717 190 2762 6.
207 2716 255 2762 Sed
262 2717 395 2780 punicum,
414 2718 439 2764 h.
458 2736 480 2766 e.
499 2719 639 2782 puniamus,
683 2718 712 2768 τὸ
724 2717 756 2764 ab
763 2734 773 2763 .·
784 2733 863 2781 neque
876 2717 941 2764 enim
953 2717 1084 2766 abliorrere
1094 2719 1198 2783 alicujus

127 2794 220 2856 punica
241 2797 427 2859 pronuntiatio,
451 2796 583 2843 abhorrens
607 2797 639 2844 ab
685 2796 769 2843 durius
778 2794 868 2854 videri,
879 2813 950 2859 quam
959 2795 1062 2861 alicujus
1064 2797 1197 2862 fastidire,

127 2871 260 2920 latinorum
273 2876 398 2921 nominum
406 2874 559 2938 prolotIone,
577 2886 639 2935 etc„
684 2874 813 2937 aspernari
830 2873 875 2940 (ut
888 2874 994 2932 xm,
1008 2876 1054 2933 34,
1069 2893 1094 2923 n.
1110 2893 1140 2933 a,
1154 2877 1197 2937 qui

125 2961 156 2998 ut
174 2950 224 2999 fere
241 2955 306 3017 apud
320 2955 398 3003 Cicer.
414 2969 461 3017 pro
479 2954 639 3014 arenvlll,
684 2964 765 3000 tamen
773 2953 843 3000 locus
853 2969 980 3017 perperam
990 2954 1054 3001 forte
1063 2953 1199 3016 laudatur),

127 3029 247 3078 Cordubae
257 3033 321 3079 natis
327 3033 407 3095 poetis
414 3033 508 3097 pingue
520 3031 640 3097 quiddam
683 3033 770 3080 vereri.
789 3033 908 3081 Caeterum
922 3032 952 3079 de
969 3043 1020 3079 tota
1034 3033 1080 3080 hae
1097 3049 1123 3079 re
1134 3032 1198 3080 nihil

126 3110 268 3157 sonantibus
281 3123 355 3174 arque
365 3111 520 3176 peregrinum
525 3130 535 3168 ‚¹
547 3112 639 3160 Stroth.
684 3112 751 3176 apud
766 3111 897 3175 Polybium
913 3122 937 3158 et
951 3111 1059 3176 Appian.
1083 3111 1197 3158 Casinum
1266 3166 1268 3170 .

49 3212 52 3217 ·
125 3189 368 3253 Gronovius,que1n
382 3191 479 3254 sequuti
492 3202 549 3239 sunt
563 3192 641 3249 cler„
685 3206 745 3238 vero
759 3202 795 3237 est
812 3189 933 3253 oppidum
949 3201 1084 3237 extremum
1093 3191 1198 3238 Volsco·

126 3267 215 3327 cm,
227 3269 303 3316 Drak.
320 3281 344 3317 et
363 3271 420 3329 alii,
436 3281 494 3334 post
510 3269 641 3318 abhorrens
686 3285 740 3317 rum
753 3281 778 3317 at
788 3269 850 3315 Latii
864 3269 1068 3332 septemtrionalis
1081 3280 1147 3317 trans
1161 3271 1198 3316 Li·

125 3346 230 3395 inseruit
245 3365 287 3403 os,
300 3360 326 3397 et
341 3349 395 3397 haec
413 3349 527 3398 notavit:
543 3372 556 3392 u
569 3351 641 3397 Puni·
686 3349 765 3396 herim
789 3346 864 3412 (hod.
881 3346 1003 3407 Casium
1022 3360 1046 3396 et
1067 3347 1198 3395 Casilinum

127 3441 184 3473 cnm
197 3427 247 3474 hoo
260 3443 289 3474 os
302 3439 338 3475 est
354 3428 432 3492 ipsius
447 3429 594 3476 Hannibalis
604 3430 642 3489 ju·
685 3429 712 3475 in
725 3426 856 3490 Campania
870 3426 1060 3485 mediterranea,
1074 3427 1118 3473 ubi
1129 3440 1197 3475 nune

111 3541 113 3544 >
124 3503 207 3552 beistis
221 3507 337 3554 Casurum
352 3507 425 3567 duci,
441 3523 543 3570 eamque
554 3523 641 3556 vocem
688 3507 773 3571 Capua
782 3521 859 3564 nova,
868 3505 900 3552 ad
911 3515 1038 3568 utramque
1051 3506 1130 3570 ripam
1136 3505 1197 3552 Vul-

124 3583 158 3631 in
179 3586 366 3648 pronuntiando
385 3587 519 3646 trahentia,
541 3599 569 3636 ut
589 3589 642 3636 dux
685 3587 770 3644 turni,
791 3602 836 3650 per
857 3583 963 3632 mediam
984 3585 1070 3632 urbem
1091 3583 1196 3632 fluentis.

123 3662 219 3711 viarum
231 3665 366 3713 Casilinum
380 3664 518 3731 nuncupari
530 3678 640 3730 putaret3
686 3665 759 3714 Conf.
768 3665 799 3712 ad
812 3680 866 3728 cap.
880 3671 925 3721 14,
937 3680 963 3711 n.
974 3680 997 3723 1,
1012 3675 1037 3711 et
1048 3649 1148 3727 ad'caps
1156 3664 1195 3724 15,

123 3751 161 3789 est
169 3744 235 3791 enim
247 3747 377 3810 proprium
389 3747 477 3793 vitium
486 3746 639 3794 Afrorumin
683 3761 709 3792 n.
722 3753 745 3800 4.
760 3770 796 3780 -·
814 3745 845 3790 tn
865 3742 1000 3805 accipnet,
1015 3741 1097 3807 feeit5
1110 3743 1195 3791 confer

19 3829 22 3832 '
122 3824 328 3885 pronuntiatione
348 3817 536 3883 Labdacismus,
555 3825 578 3872 si
590 3843 638 3889 pro
683 3825 777 3881 XXX,
788 3823 822 3869 26
837 3832 901 3869 extr.

124 3915 174 3946 uno
186 3903 215 3950 L.
224 3902 273 3950 dito
282 3903 486 3968 pronuntientur,
499 3915 527 3951 ut
536 3903 640 3970 Afiisa·
721 3919 744 3963 7.
762 3904 793 3948 In
810 3917 923 3966 campum
938 3901 1071 3958 stellatam
1086 3899 1144 3949 vide
1162 3900 1193 3949 ad

122 3977 193 4025 cium
206 3977 275 4044 (vid.
289 3983 377 4031 Isidor.
392 3983 460 4045 orig.
471 3985 498 4042 1,
514 3983 581 4048 flo):
595 3983 638 4031 sed
683 3983 738 4042 IX,
756 3988 802 4040 tt,
817 3996 842 4028 n·
857 3996 881 4028 2·

123 4054 237 4112 definitio
250 4056 304 4112 haec
313 4062 387 4111 nimis
398 4073 516 4131 nagnam
528 4061 638 4114 immitti-
719 4062 743 4112 8.
758 4060 803 4110 Ad
815 4076 894 4127 aquas
906 4059 1073 4118 sinuessanus,
1087 4059 1193 4111 thermas·
