2782 4568
164 311 233 385 50ss
558 312 827 381 EXCUltSUS

160 433 293 523 probata
310 431 570 496 doctissimorum
587 432 731 495 virorum
747 430 936 519 Mandq‘ors
948 447 982 495 et
993 434 1157 499 Danville
1171 439 1246 524 opi-

162 537 281 615 nione,
304 557 422 622 nempe
441 532 637 596 Rhodanum
658 556 676 596 a
697 533 804 597 Poenis
821 533 904 595 circa
921 534 1243 621 flamm-Mauram

160 662 230 703 esse
245 637 432 716 trajectum,
449 635 659 723 insulamque
672 635 706 698 in
720 636 813 698 Isarae
828 647 860 697 et
873 633 1024 697 Rhodani
1039 637 1244 703 confluente

161 741 274 819 sitam,
287 739 353 818 jam
369 737 409 800 ab
423 738 538 800 itinere
556 735 649 823 quod'
661 735 706 798 illi
723 734 973 822 descripserant,
989 738 1177 821 avertitur,
1192 758 1241 821 et,

160 840 314 927 quoniam
338 838 512 928 Polybium
536 860 611 901 cum
630 836 721 900 Livio
738 836 908 899 conciliare
931 837 1063 923 nequit,
1078 839 1181 903 illurn
1201 844 1243 905 ad

160 943 303 1007 Insulam
321 963 425 1027 usque
440 953 676 1028 prosequutus,
696 960 811 1025 quam,
828 959 867 1000 ex
884 936 938 1000 tali
959 937 1076 1023 initio,
1100 943 1240 1007 unicam

161 1058 276 1105 natura
292 1056 324 1104 et
340 1041 420 1105 ratio
436 1040 519 1103 viam
537 1039 737 1120 indicabant,
754 1038 951 1127 ingreditur,
972 1040 1183 1130 Graiamque
1199 1046 1239 1109 ad

162 1144 292 1231 Alpem,
309 1141 414 1206 tendit
427 1134 524 1229 paulo
540 1141 686 1229 longiore
698 1137 832 1227 quidem
846 1139 977 1220 itinere,
991 1139 1050 1204 sed
1063 1143 1238 1230 sapientiae

53 1293 57 1301 .
161 1244 261 1331 magis
277 1258 514 1324 consentaneo,
534 1264 631 1328 quam
650 1263 722 1327 quae
743 1263 762 1303 a
785 1240 947 1327 prioribus
971 1240 1108 1307 iuventa
1129 1263 1236 1309 erant.

160 1345 305 1424 Trajecto
325 1344 429 1422 Isara,
451 1342 626 1407 exercitum
642 1341 773 1406 adversa
797 1340 946 1404 Rhodani
967 1342 1037 1430 ripa
1063 1346 1176 1432 'usque
1195 1348 1234 1410 ad

162 1445 317 1533 Figlinas,
333 1444 431 1508 hodie
440 1442 703 1520 Sciat-Rambett‚
720 1442 813 1505 ivisse
825 1439 978 1522 affirmat,
992 1442 1181 1532 relictoque
1191 1447 1233 1510 ibi

162 1544 259 1609 llurio
279 1568 335 1632 per
356 1544 545 1635 Allobrogas
569 1544 610 1608 ad
630 1543 752 1629 radices
769 1540 929 1605 montium
946 1565 1048 1632 prope
1069 1547 1232 1635 oppidum

161 1647 324 1711 Scalarum
341 1646 388 1734 (le
403 1647 501 1735 baurg
513 1646 567 1709 des
584 1643 759 1731 Ecbellesl,
776 1641 864 1707 unde
878 1642 1126 1708 Camberiacum
1141 1664 1233 1735 pete-

162 1762 226 1829 ret,
244 1764 277 1812 et
289 1770 346 1835 per
363 1747 491 1811 Graiam
508 1747 619 1843 Alpqm
633 1744 667 1808 in
684 1746 823 1809 Salassos
840 1743 1029 1809 deferretur.

207 1848 361 1936 Apertum
380 1846 503 1936 Polyhii
514 1847 667 1910 volumen
685 1869 785 1910 manu
802 1868 916 1934 gerens
930 1846 968 1910 cl.
981 1847 1126 1911 Melville
1140 1852 1231 1914 Han·

162 1948 276 2013 nibalis
289 1949 352 2012 iter
366 1948 594 2037 investigabam
614 1963 646 2010 et
662 1970 745 2034 saepe
761 1946 952 2010 ardentioris
967 1947 1070 2011 animi
1085 1949 1118 2012 vi
1138 1950 1231 2014 abre-

162 2064 254 2136 ptus,
271 2049 341 2113 loca
360 2071 475 2139 parum
498 2064 587 2112 certo
610 2048 750 2112 auctoris
769 2048 862 2137 graeci
881 2048 1067 2115 narratione
1087 2051 1231 2116 indicata

162 2150 252 2237 quasi
265 2150 525 2238 deprehenderit,
537 2149 598 2213 sibi
612 2149 799 2238 gratulatur.
811 2150 855 2212 Ac
867 2146 976 2211 neseio
988 2171 1028 2211 an
1046 2172 1116 2213 nou
1134 2154 1228 2216 talem

162 2254 195 2316 in
219 2274 361 2318 errorem
384 2253 550 2334 inciderit,
570 2275 673 2340 quum
691 2274 805 2341 rupem
824 2274 843 2316 e
865 2252 965 2340 gypso
979 2252 1102 2317 albenti
1121 2256 1231 2342 quod,

162 2378 229 2418 non
253 2356 368 2442 procul
383 2379 402 2418 a
421 2377 504 2444 pago
523 2354 558 2415 V
553 2353 648 2432 illar,
667 2351 709 2416 ad
726 2353 836 2416 laevam
855 2350 1006 2416 torrentis
1030 2352 1113 2418 dicti
1136 2356 1180 2418 de
1196 2356 1229 2418 l.

161 2454 289 2519 Recluso
316 2456 418 2544 ripam
443 2454 579 2534 eminet,
605 2452 751 2517 eantdem
776 2475 844 2518 esse
866 2468 963 2545 atque
978 2468 1007 2518 st
1024 2466 1229 2536 λιυκόπιτρινπ

163 2556 298 2644 Polybio
312 2570 527 2619 memoratum
540 2553 708 2617 existimat.
724 2554 883 2617 Caeterum
898 2578 1000 2642 quum
1014 2570 1107 2643 tanta
1116 2557 1161 2619 sit
1171 2559 1229 2621 viri

158 2656 301 2720 'eruditio
317 2673 350 2721 et
363 2657 533 2746 sagacitas,
549 2650 659 2720 dolere
675 2656 751 2720 satis
768 2679 833 2719 nou
852 2658 1044 2744 possumus,⁸
1052 2656 1146 2745 quod
1161 2659 1230 2739 ejus

161 2757 273 2845 opinio
288 2757 417 2845 qualem
433 2752 642 2845 conceperat,
658 2757 780 2846 publici
792 2758 876 2838 juris
892 2783 958 2824 uon
976 2760 1059 2824 facta
1076 2760 1129 2825 sit.
1147 2762 1227 2823 Eam

161 2858 293 2946 quidem
313 2861 477 2949 amplexus
498 2875 546 2923 est
568 2858 654 2935 doct.
682 2857 800 2939 Deluc,
827 2858 884 2924 sed
906 2861 1007 2925 multa
1030 2882 1071 2924 ex
1084 2862 1230 2951 'ingenio

160 2958 303 3042 addidit,
321 2979 377 3047 aut
395 2960 541 3025 mutavit.
1080 2964 1084 2972 '
1116 2982 1120 2989 ·

208 3058 407 3151 'im-1786.
423 3060 522 3144 Quod
533 3061 560 3124 si
576 3061 667 3125 illum
682 3061 798 3125 ducem
815 3061 979 3125 habuisset
994 3063 1043 3125 De
1053 3061 1229 3143 Saussure,

159 3161 209 3225 vir
230 3162 383 3227 omnibus
401 3162 641 3251 cognitionibus
661 3161 703 3227 ad
725 3160 912 3227 solvendam
931 3160 1148 3249 quaestionem
1171 3187 1230 3228 ne·

161 3264 305 3328 cessariis
324 3281 476 3345 ornatus,
496 3286 564 3328 eam
586 3264 733 3353 proiecto
748 3264 926 3328 attentione
944 3263 1127 3353 digniorem
1143 3265 1232 3344 judi-

160 3381 304 3428 cansset.
940 3380 957 3451 j

205 3464 268 3529 Sed
281 3465 417 3529 vitream
432 3466 552 3553 attigit,
564 3466 721 3554 Livioque
736 3466 831 3553 plane
845 3464 1059 3554 obsequutus,
1071 3486 1232 3553 quacum·

164 3572 229 3653 q't't‘e
245 3564 297 3629 ille
319 3566 403 3629 ‘viam
427 3565 544 3646 flectit,
565 3565 626 3629 lrac
645 3567 760 3654 etipse
777 3565 931 3656 graditur.
949 3566 1097 3630 Montem
1117 3583 1232 3632 tamen

161 3665 284 3730 dictum
299 3666 398 3746 Canai,
413 3690 479 3730 non
494 3668 550 3755 qui
564 3683 774 3755 nuncupatur
788 3665 962 3747 Certiorem
976 3664 1068 3743 Livio
1083 3666 1235 3758 designa-

161 3783 231 3829 tum
247 3784 349 3854 putat.
373 3768 527 3854 <Voyage
542 3767 622 3831 dans
642 3768 685 3831 les
703 3768 814 3856 Alpes,
836 3783 917 3831 tome
934 3771 973 3849 4,
990 3766 1109 3830 edition
1127 3770 1233 3852 tis-8⁰,

211 3965 401 4052 17884789.
418 3969 498 4050 Quae
512 3960 826 4051 jam'obsolereranq
843 3971 1013 4058 opiniones
1030 3969 1063 4033 iu
1082 3972 1236 4037 medium
