2782 4568
160 275 231 346 500
317 232 321 245 ’
552 271 821 341 excursus

157 419 220 460 non
235 405 322 458 rocta
333 393 458 480 regione
474 395 533 457 iter
547 394 709 457 instituisse
720 392 839 473 Poenos
851 389 1010 472 affirmet,
1021 391 1105 478 ipse
1119 408 1244 454 aucto·

144 497 243 562 ¹rituti
255 495 337 559 nihil
353 512 450 559 ausus
467 482 656 576 detrahere,
665 514 720 558 eos
734 506 895 582 regressos
908 513 977 555 esse
990 514 1063 554 non
1081 491 1242 572 dubitat,

158 615 192 662 et
205 618 294 689 paene
309 597 486 685 relegentes
500 596 631 684 vestigia
649 594 783 658 adverso
801 595 906 658 Draco
922 591 975 678 (le
987 589 1107 680 Dure)
1128 593 1174 656 ad
1187 595 1244 656 Al-

157 719 234 787 pem
251 697 391 763 Cottiatn
413 696 596 760 tetendisse.
616 697 732 759 Viru'm
754 710 842 758 certe
861 692 983 782 ingenii
1000 691 1168 757 acumine
1184 719 1243 758 ex·

157 799 326 861 cellentem
336 819 403 859 non
415 797 567 885 fugiebat,
581 797 703 860 mir'um·
714 795 749 858 id
763 795 834 868 fore
850 795 1021 876 omnibus,
1036 795 1244 882 quod'Han·

159 898 247 963 nibal
265 898 307 975 ab
333 899 419 961 Isara
429 897 631 980 diseederet,
649 914 687 962 ut
709 899 850 962 Drecum
873 912 1096 984 sequeretur:
1122 899 1242 985 itaque

159 1000 266 1065 statim
288 1014 400 1063 monet
422 1016 497 1063 cum
519 999 622 1063 amnis
644 998 743 1078 hujus
759 998 929 1062 latitudine
946 997 1130 1079 delusum,
1149 1023 1170 1061 a
1186 1001 1241 1067 via

159 1100 356 1165 nescientem
379 1099 550 1164 aberrasse.
570 1100 632 1163 Cui
647 1100 839 1180 conjecturae
854 1099 932 1187 quid
947 1122 1061 1162 ansam
1081 1099 1239 1182 dederit,

159 1223 228 1264 non
243 1199 407 1280 ridemus,
424 1220 538 1291 quumr
548 1223 588 1264 ex
610 1199 744 1265 adverso
761 1199 1086 1289 Carthaginiensibus
1108 1202 1240 1265 fuerint

157 1299 319 1388 indigente
342 1301 496 1370 itinerum
520 1300 637 1383 duces,
653 1321 745 1388 *quos
769 1299 916 1389 decipere
932 1299 1012 1362 *loca
1038 1323 1113 1363 non
1138 1317 1240 1388 pote·

82 1477 84 1485 γ
154 1404 686 1488 mn13quumprsetereaDracus
711 1422 778 1464 non
802 1401 864 1464 nisi
881 1421 955 1463 vere
971 1416 1050 1487 post
1066 1400 1240 1464 resolutas

85 1563 88 1567 ,
159 1504 250 1565 nives
267 1503 309 1567 sit
327 1498 530 1584 vehemens,
543 1515 704 1567 autumno
726 1516 834 1565 autem
854 1499 1019 1588 placidus,
1040 1524 1107 1564 nec
1124 1502 1239 1565 abun·

158 1602 246 1669 danti
269 1603 360 1666 alveo
383 1601 526 1673 defluat:
547 1603 592 1666 ita
612 1618 652 1666 ut
668 1618 774 1689 neque
793 1624 901 1682 error,
920 1622 1030 1688 neque
1049 1601 1239 1667 difficultas

135 1768 137 1773 ,
156 1703 279 1791 agmini
295 1701 495 1767 deflectendo
510 1726 637 1767 causam
652 1704 794 1766 attulisse
808 1719 936 1790 queant.
985 1730 990 1738 ·

201 1803 300 1867 Nune
312 1821 475 1891 superest,
489 1821 526 1868 ut
539 1803 734 1890 quotidianis
743 1804 852 1867 castris
866 1804 1005 1890 punicus
1017 1805 1188 1868 exercitus
1200 1806 1237 1869 in

84 1903 87 1909 ’
119 1891 120 1894 ¹
157 1903 281 1967 Italiam
291 1904 481 1986 deducatur3
491 1902 775 1991 quodfacillimnm
784 1905 854 1986 erit,
862 1904 888 1969 si
898 1905 971 1992 quis
980 1905 1095 1968 animo
1105 1921 1237 1970 temere

158 2003 340 2084 conjicienti
360 2020 486 2073 tentum
508 2005 728 2092 obsequium,
746 2006 843 2069 obvio
858 2006 976 2093 cuique
995 2006 1070 2068 loco
1089 2008 1236 2070 eventn's

157 2106 321 2195 aPolybio
338 2121 531 2171 memoratos
545 2106 725 2170 adscribere
738 2108 824 2172 velit.
839 2108 907 2171 Nos
921 2129 998 2169 vero
1013 2129 1054 2169 ex
1068 2107 1128 2170 illa
1145 2093 1234 2170 tem·

157 2229 277 2292 porum
288 2223 382 2271 nocte
392 2207 529 2295 amplius
541 2206 718 2295 quidquam
729 2209 809 2271 certi
817 2207 1010 2271 eliciendum
1021 2206 1237 2296 desponden-

158 2323 222 2383 tes,
237 2307 334 2371 finem
347 2307 402 2377 hic
414 2308 518 2375 labori
529 2305 752 2396 imponemus,
770 2328 812 2370 ne
827 2306 909 2370 illud
925 2305 1100 2372 admittere
1114 2331 1235 2398 argua-

156 2431 242 2490 mur,
256 2409 345 2497 quod
363 2410 397 2473 in
414 2411 482 2474 aliis
496 2409 772 2498 reprebendimus.
795 2407 881 2471 lllud
897 2407 984 2471 enim
996 2408 1110 2471 solum
1129 2411 1228 2474 nobis

99 2590 100 2593 Ἴ
155 2510 357 2597 propositum
367 2526 450 2592 erat,
464 2527 578 2596 utque
593 2526 780 2598 parte,·non
794 2508 965 2596 quomodo·
977 2507 1018 2598 ad
1031 2510 1137 2597 Alpes
1154 2535 1232 2600 per·

99 2669 102 2674 .
156 2608 488 2695 venissetimperator,
496 2609 758 2697 politiraeparitcr
766 2609 975 2697 militarisque
986 2611 1135 2676 scientias
1144 2615 1231 2701 peri·

157 2722 230 2788 tus,
245 2730 304 2795 pro
316 2709 438 2779 viribus
452 2709 572 2798 ingenii
584 2713 705 2794 nostri,
720 2711 823 2781 facem
839 2711 972 2775 rationis
991 2729 1161 2779 sectantes
1175 2716 1231 2780 in-

156 2809 366 2898 quireremus.
383 2809 561 2892 Felices,ei
578 2832 675 2899 qnam
688 2811 913 2900 disceptationi
923 2813 1035 2876 —lucem
1053 2815 1232 2899 intulisse,

154 2911 304 2998 viamque
322 2910 522 2977 doctioribus
535 2913 720 3000 patefecisse
735 2912 920 2976 videamur!
937 2913 993 2976 Sin
1011 2936 1092 2978 vero
1113 2939 1232 2982 susce-

154 3026 243 3098 ptam
255 3011 452 3098 provinciam
464 3012 571 3079 minus
587 3015 671 3079 bene
687 3013 894 3102 gesserimus,
906 3030 1057 3079 nostrum
1069 3014 1140 3082 hoc
1152 3043 1235 3106 qua-

154 3112 326 3199 lecumque
338 3134 420 3199 opus
434 3115 686 3197 commendabit,
693 3132 725 3179 et
733 3117 856 3180 :umbra
868 3116 976 3204 magni
988 3118 1139 3182 nominis
1153 3144 1233 3208 pro·

156 3226 242 3298 teget
252 3211 354 3277 fatalis
365 3212 418 3277 ille
427 3215 652 3281 Romanorum
663 3217 776 3296 victor,
789 3239 856 3304 quo
871 3217 1069 3304 impellente,
1081 3221 1234 3310 superba

126 3378 128 3381 ,
157 3311 356 3401 cartilaginis
365 3317 478 3381 aemuba
488 3315 702 3381 diuiabomns
711 3317 965 3404 atqueinclinata
973 3339 1078 3406 prope
1088 3325 1232 3388 corruit.
