2782 4568
192 316 238 388 80
612 324 818 393 amru
1101 310 1224 420 &53:332

190 437 306 537 quod,
320 438 465 509 relictus
479 441 517 509 in
530 441 658 527 Gallia,
672 441 801 514 obvius
816 443 931 515 fuerat
944 445 983 513 in
994 446 1131 516 ltaliam
1146 463 1252 519 trans

187 542 309 646 gresso
324 546 533 636 Hannibali;
552 549 729 621 Hannibal
745 567 781 622 et
799 569 929 624 conatu
948 568 1020 624 tam
1041 555 1166 626 audaci
1186 574 1251 628 tra·
1272 647 1275 650 Α

185 657 422 754 jiciendarum
437 657 601 755 Alpium,
617 674 654 731 et
668 660 812 733 effectu.
829 667 1026 760 Occupavit
1043 680 1163 737 tamen
1181 671 1251 738 Sci·

186 769 249 864 pio
271 767 406 837 Padum
430 767 591 862 trajicere
602 779 628 855 ⁷,
649 785 704 856 et,
726 770 771 841 ad
791 774 954 843 Ticinum
975 798 1116 844 amnem
1143 778 1250 846 motis

187 879 328 959 castris,
344 878 461 973 prius,
482 900 591 972 quam
611 878 781 950 educeret
798 883 836 951 in
856 885 986 970 aciem,
1008 883 1250 957 adhortando·

186 1009 267 1056 rum
286 985 440 1055 militum
456 1009 579 1076 eausa,
597 987 703 1059 talem
722 990 945 1064 orationem8
959 1019 1107 1064 exorsus
1123 1010 1199 1066 est:

234 1100 307 1167 XL.
323 1098 383 1166 «Si
393 1121 474 1166 eum
487 1099 699 1188 exercitum,
710 1102 855 1192 milites,
871 1103 1062 1175 educerem
1071 1106 1108 1174 in
1120 1107 1248 1195 aciem,

186 1237 203 1272 ι(
216 1231 326 1302 quem
348 1208 386 1275 in
405 1205 518 1276 Gallia
535 1232 678 1278 mecum
698 1209 826 1299 habui,
847 1213 1124 1310 supersedissem
1148 1215 1249 1311 loqui

185 1348 202 1383 a
217 1317 312 1416 apud
323 1341 397 1388 vos.
408 1315 506 1406 Quid
521 1319 617 1388 euim
632 1319 814 1391 adhortari
827 1322 988 1411 referret,
1001 1338 1061 1393 aut
1077 1349 1138 1416 eos
1152 1327 1249 1420 equi-

185 1442 287 1515 «teS,
308 1429 370 1523 qui
393 1429 593 1523 equitatum
618 1427 777 1499 hostium
802 1432 846 1501 ad
871 1433 1087 1504 Rhodanum
1113 1434 1247 1506 flumen

87 1598 90 1617 ,
185 1540 356 1636 «egregie
371 1539 574 1626 vicisseut1,
590 1553 652 1608 aut
672 1564 730 1609 eas
749 1541 927 1637 legiones,
947 1569 1028 1614 cum
1043 1544 1207 1641 quibusf
1231 1586 1248 1599 ·

183 1678 200 1713 a
214 1650 370 1745 gieutem
384 1647 483 1719 hunc
497 1649 616 1745 ipsum
630 1648 770 1720 hostem
782 1668 973 1747 sequutus,
985 1654 1248 1726 confessionem

184 1787 201 1823 «
216 1756 398 1828 cedentis²
415 1781 455 1827 ac
475 1756 706 1827 detrectantis
730 1773 910 1829 certamen
933 1785 1000 1857 pro
1019 1763 1165 1831 victoria
1185 1762 1247 1832 ha-

183 1898 200 1934 «
213 1867 298 1938 bui?
314 1871 437 1952 Nunc,
459 1867 543 1961 quia
563 1865 623 1936 illc
647 1868 1035 1964 exercitus,‚Hispaniae
1057 1870 1249 1963 provinciae

183 1976 386 2072 «scriptus,
404 1972 454 2043 ibi
475 1998 559 2045 cum
578 1972 685 2045 fratre
705 1980 770 2045 Cn.
786 1977 953 2073 Scipione
970 1979 1060 2048 meis
1081 1982 1248 2074 auspiciis

182 2117 199 2154 a
213 2110 290 2156 rem
308 2087 418 2183 gerit,
437 2084 501 2155 ubi
522 2109 605 2157 eum
628 2111 753 2183 gerere
776 2102 920 2157 senatus
937 2089 1168 2185 populusque
1185 2114 1247 2159 ro-

183 2227 200 2262 «
215 2221 343 2267 manus
352 2196 483 2283 voluit,
494 2220 578 2293 ego,
592 2209 632 2265 ut
643 2194 829 2266 consulem
839 2195 968 2267 ducem
978 2197 1147 2268 adversus
1157 2203 1248 2269 Han·

183 2338 199 2373 a
213 2305 366 2377 nibalem
382 2330 423 2375 ac
434 2309 565 2376 Poenos
577 2304 771 2394 haberetis,
784 2307 860 2403 ipse
873 2331 930 2376 me
943 2307 1028 2377 huic
1043 2307 1246 2378 voluntario

183 2445 200 2478 α
214 2417 399 2486 certamini
413 2412 552 2486 obtuli³
567 2442 574 2484 :
591 2441 687 2486 novo
705 2418 912 2512 imperatori
930 2417 1024 2515 apud
1045 2443 1158 2488 novos
1176 2421 1245 2486 mi·

180 2554 197 2590 n
211 2525 291 2595 lites
304 2550 417 2623 pauca
433 2524 540 2596 verba
554 2524 717 2596 facienda
731 2541 827 2598 sunt.
842 2531 894 2600 Ne
908 2552 1022 2624 genus
1035 2527 1138 2615 belli,
1154 2553 1246 2600 neve

182 2720 210 2766 in
228 2720 368 2776 Etruriam,
393 2729 443 2766 tum
461 2730 525 2766 terra
544 2718 575 2767 ab
595 2729 691 2766 etrusco
735 2716 992 2780 repositum,quidam
1000 2718 1245 2780 MSScrgre,etPal.

183 2797 244 2845 nari
260 2797 291 2844 ad
305 2797 381 2861 Alpes
394 2796 534 2861 profectus,
546 2796 691 2861 obviusfiie-
735 2807 788 2861 opt.
799 2813 847 2843 non
860 2812 936 2860 agre,
952 2796 1019 2860 quod
1032 2796 1120 2860 probat
1134 2798 1245 2846 Gronov.

182 2888 224 2924 rat
236 2875 382 2932 Hannibali,
398 2877 490 2939 quippe
501 2877 543 2938 qui
553 2875 691 2933 audiverat,
735 2876 766 2922 ad
777 2876 906 2935 XXXIII,
917 2878 948 2934 6,
961 2887 988 2923 ut
998 2876 1029 2922 sit
1038 2875 1120 2932 facile,
1132 2891 1182 2922 nou
1195 2892 1244 2923 rna·

183 2967 207 3003 et
220 2956 398 3017 navigationem
411 2954 477 3001 illam
490 2955 587 3018 longara
603 2952 691 3001 diffici-
736 2970 784 3018 gno
799 2954 942 3000 molimento
956 2965 980 3000 et
993 2953 1085 3000 labore.
1102 2954 1140 3001 cf.
1155 2954 1186 3000 ad
1199 2955 1245 3012 tv,

181 3033 291 3097 lemque,
312 3023 337 3081 et
355 3034 421 3081 huuc
440 3043 544 3081 tractum
566 3035 689 3097 ingentem
736 3048 780 3093 ao,
793 3050 819 3081 n.
833 3049 877 3090 10,
887 3044 912 3080 et
923 3033 1052 3090 XXXIII,
1067 3034 1098 3091 6,
1112 3049 1137 3078 u.
1148 3048 1172 3080 a.

180 3129 249 3171 esse,
272 3112 466 3176 exercitibusque
491 3110 534 3157 vix
559 3113 688 3175 pervium3
769 3128 793 3158 a.
810 3110 986 3176 Confessionem
995 3110 1112 3167 cedentis,
1126 3110 1243 3162 etc.‚ele-

181 3192 319 3249 Hannibal,
332 3204 379 3239 etc.
393 3191 430 3240 Cf.
443 3191 532 3257 Polyb.
541 3193 591 3248 Ill,
606 3192 648 3238 61.
733 3202 817 3254 genter
826 3205 886 3254 pro:
897 3205 1025 3253 pavorem,
1035 3183 1107 3252 quem
1117 3187 1243 3245 cedendo,

216 3287 240 3329 7.
261 3269 395 3333 Occrmavit
410 3269 489 3334 Scipio
506 3268 602 3317 Padum
619 3268 689 3332 traji-
733 3280 793 3326 ete,
806 3269 904 3334 publice
918 3269 1049 3316 declaravit
1062 3268 1154 3326 hoetis3
1168 3269 1243 3316 Doer.

135 3354 137 3359 “
181 3365 234 3395 cere
240 3368 250 3406 ,·
261 3349 317 3396 vide
330 3349 361 3396 ad
372 3351 396 3407 1,
412 3357 442 3404 14
451 3384 458 3407 ‚
472 3365 497 3396 n.
513 3352 535 3396 3.
734 3348 807 3395 Conf.
826 3349 969 3405 XXXVII,
990 3350 1031 3394 31.
1044 3373 1079 3382 —
1095 3347 1154 3394 Cum
1159 3345 1244 3410 fratre

217 3429 241 3475 8.
260 3429 344 3474 Talem
358 3427 506 3483 arationem
521 3427 587 3475 conf.
600 3426 687 3490 Polyb.
734 3426 778 3473 Cn.
793 3426 903 3489 Scipione
915 3425 988 3489 (vide
997 3443 1051 3491 cap.
1066 3425 1115 3490 32)
1130 3425 1188 3472 meis
1198 3425 1244 3474 sub

181 3502 235 3564 111,
248 3508 291 3561 64.
733 3504 846 3565 auspiciis
858 3502 929 3567 (vide
943 3504 973 3551 ad
988 3505 1020 3562 V,
1030 3507 1077 3563 46,
1091 3521 1116 3551 n.
1128 3503 1158 3568 9)
1169 3519 1176 3552 ε
1188 3521 1244 3552 nam
1345 3501 1348 3510 “

215 3585 276 3632 Car.
286 3585 339 3630 XL.
352 3599 373 3629 1.
385 3583 433 3643 Qui
442 3583 573 3646 equitatum
584 3580 689 3627 hostium
734 3582 818 3645 Scipio
828 3581 915 3628 consul
926 3584 1069 3646 Hispaniam
1083 3585 1183 3630 sortitus
1194 3593 1246 3630 erat

180 3662 216 3709 ad
225 3662 370 3709 Rhodanum
373 3662 448 3728 stum.
458 3660 551 3725 egregie
560 3659 689 3716 vicissem
733 3660 899 3723 provinciam
914 3661 970 3708 vide
985 3679 1039 3726 cap.
1055 3679 1083 3723 17
1100 3679 1139 3726 pr.
1155 3665 1203 3722 32,
1219 3673 1243 3709 et

180 3739 237 3787 vide
247 3756 300 3803 cap.
308 3744 350 3802 2'9.
362 3740 490 3804 Eleganter
498 3738 688 3804 plusquamperl.
734 3746 765 3792 41
780 3754 818 3801 pr.

178 3817 244 3868 haud
262 3834 316 3864 raro
331 3835 377 3881 pro
391 3819 502 3883 imperi,
515 3817 555 3864 vel
566 3817 688 3882 perfecto,
769 3819 792 3862 3.
805 3818 847 3862 Me
857 3815 912 3863 duic
924 3820 1067 3868 voluntario
1084 3819 1184 3884 (propr.
1196 3835 1242 3866 vo-

179 3908 204 3944 et
215 3896 383 3955 subjunctivus
394 3913 440 3960 pro
452 3896 586 3944 indicativo
598 3897 687 3960 linguae
733 3895 851 3952 luntario,
868 3897 907 3943 vel
924 3898 1096 3961 voluntarius)
1115 3897 1244 3947 certamini

178 3975 314 4024 vernaculae
320 3976 686 4037 ponitur,acviceversa;Doer.
731 3973 808 4021 obtuli
820 3973 900 4038 (conf.
915 3993 968 4040 cap.
987 3979 1016 4025 32
1026 3975 1049 4041 );
1062 3993 1119 4023 nam
1133 3977 1181 4040 ipsi
1196 3979 1242 4024 Hi-

179 4057 227 4103 Pro
239 4052 344 4118 egregie,
357 4053 424 4115 quod
435 4069 448 4099 e
458 4055 597 4114 coniectura
610 4052 686 4100 valla
730 4052 816 4117 spania
824 4054 951 4117 provincia
962 4066 1087 4116 evenerat,
1098 4056 1241 4106 nonnulii.
