2782 4568
206 311 275 383 380
609 318 648 383 T.
683 316 821 383 L1v11
996 403 998 408 ,
1117 300 1246 416 diiij:

122 430 125 449 ¹
204 436 242 506 in
259 459 331 532 qua
348 435 497 507 edoctus
514 433 629 536 esset⁵
643 460 651 504 :
666 434 742 507 baec
760 436 938 507 mandata.
955 441 1078 528 Quum
1092 442 1271 538 exspiras·

203 542 290 632 set⁶,
300 570 366 643 per
378 560 516 618 tutores
527 560 744 618 testamento
756 546 917 645 prolato,
930 571 1119 646 pueroque
1132 552 1172 622 in
1186 577 1270 623 con·

202 657 343 726 cionem
359 654 538 753 producto
556 658 655 745 (erat
672 671 793 728 autern
812 657 1021 755 quindecim
1042 674 1130 732 tunc
1150 659 1269 735 ferme

201 767 421 863 annorum),
437 769 576 864 paucis,
595 768 659 863 qui
677 792 743 864 per
761 771 976 841 concionem
991 770 1037 841 ad
1053 773 1269 846 excitandos

200 875 375 948 clamores
385 876 547 975 dispositi
560 892 676 964 erant,
687 878 974 976 approbantibus
988 895 1264 968 testamentum,

200 988 336 1058 caeteris
353 989 453 1060 velut
471 1003 575 1087 patre·
590 990 718 1059 amisso
740 990 778 1058 in
798 988 887 1060 orba
910 991 1050 1063 civitate
1070 993 1193 1063 omnia
1216 995 1265 1062 ti-

198 1096 401 1188 mentibus,
421 1097 532 1171 fuuus
557 1098 600 1170 fit
620 1101 777 1198 regium,
799 1101 911 1198 magis
932 1125 1053 1172 amore
1074 1103 1266 1174 civiumet

199 1209 363 1299 caritate,
382 1237 492 1310 quam
507 1236 592 1283 cura
607 1235 773 1299 suorum,
788 1210 941 1283 celebre.
957 1211 1098 1284 Deinde
1114 1228 1264 1284 caeteros

198 1330 336 1391 tutores
356 1319 547 1393 submovet
570 1314 872 1410 Andranodorus,
891 1321 1062 1415 juvenem
1083 1323 1159 1417 jam
1184 1347 1263 1394 esse

197 1427 363 1502 dictitans
385 1432 666 1528 Hieronymum,
687 1456 728 1503 ac
751 1432 853 1528 regni
876 1443 1088 1529 potentem⁷
1110 1459 1118 1500 :
1144 1430 1264 1529 depo-

197 1539 395 1639 nendoque
409 1542 558 1615 tutelam
573 1545 670 1641 ipse,
684 1567 765 1640 quae
780 1565 863 1612 cum
877 1541 1044 1639 pluribus
1058 1543 1263 1615 communis
1296 1619 1299 1622 Α

197 1667 289 1740 erat,
310 1654 404 1725 inse
422 1679 538 1725 unum
552 1654 717 1725 omnium
730 1654 824 1725 vires
843 1654 1032 1724 convertit.

244 1765 287 1832 V.
308 1763 378 1833 Vix
400 1763 549 1858 quidem
566 1764 631 1834 ulli
652 1763 754 1834 bono
776 1761 1038 1858 moderatoque
1055 1763 1131 1857 regi
1149 1760 1263 1834 facilis

196 1883 272 1939 erat
286 1868 386 1942 favor
399 1872 497 1969 apud
506 1879 764 1970 Syracusanos,
780 1872 988 1944 succedenti
1003 1886 1109 1944 tantae
1118 1874 1262 1944 caritati

195 1979 395 2051 Hieronis¹.
414 1987 549 2054 Verum
570 1985 668 2054 enim
686 2007 772 2054 vero
791 1984 1049 2078 Hieronymus,
1068 1980 1169 2053 velut
1186 1983 1262 2055 suis

194 2089 287 2166 vitiis
301 2090 573 2166 desiderabilem
590 2093 734 2166 efficere
748 2093 857 2164 vellet
870 2117 992 2180 avum,
1006 2092 1124 2188 primo
1138 2093 1261 2162 statim

195 2200 408 2299 conspectu,
419 2207 540 2275 omnia
549 2229 659 2300 quam
672 2201 826 2298 disparia
837 2215 972 2287 essent,
984 2200 1141 2271 ostendit
1153 2229 1162 2271 ι
1173 2227 1260 2273 nam

193 2406 311 2473 (secundo
324 2428 389 2460 anno
402 2412 450 2460 bel.
462 2411 547 2478 punici
560 2410 589 2477 1)
601 2413 632 2460 ad
643 2412 703 2471 537.
748 2422 837 2458 tutores
842 2409 979 2473 prodeunt,
992 2420 1134 2457 testamento
1138 2410 1245 2473 prolato
1248 2445 1259 2468 ,

228 2489 253 2537 5.
272 2490 472 2558 Disciplinoeque,
494 2493 520 2540 in
540 2509 591 2556 qua
605 2491 703 2539 edoctus
747 2502 793 2539 etc.
804 2488 860 2537 edd.
872 2488 1010 2538 anteDrak.
1023 2488 1071 2536 Sed
1084 2504 1158 2536 voees
1165 2502 1260 2554 postet

193 2578 267 2623 essem
281 2569 367 2618 melius
379 2571 462 2618 forsan
474 2570 573 2618 eductus
586 2569 658 2636 (vide
670 2569 702 2617 ad
746 2585 820 2633 quum
829 2566 1184 2633 aplerisqueMSSabsunt.—
1192 2569 1260 2618 eura

192 2647 220 2701 1,
231 2647 383 2712 39‚n.1o):
395 2666 452 2696 nam
464 2649 591 2713 disciplina
600 2649 641 2697 hic
651 2664 702 2696 non
745 2664 856 2705 suorum,
876 2663 979 2695 moerore
989 2646 1129 2695 liberorum.

192 2726 298 2789 pertinet
309 2726 341 2774 ad
353 2728 432 2775 studia
443 2738 485 2776 ant
496 2728 643 2787 doctrinam,
658 2728 701 2776 sed
781 2743 804 2788 7.
820 2727 895 2792 Regni
899 2738 1038 2791 potentem
1046 2725 1103 2773 vide
1110 2725 1141 2773 ad
1147 2728 1200 2788 IX,
1210 2735 1257 2787 14,

192 2803 225 2850 ad
234 2805 310 2853 moris
323 2817 348 2854 et
361 2806 418 2855 vitae
430 2806 554 2865 instituta,
569 2807 601 2855 nd
612 2818 701 2855 sectam
744 2822 770 2853 n.
779 2813 803 2861 4.
814 2804 1055 2869 Ἳῦσροηιηᾰοᾳαε
1062 2805 1181 2852 tutelam:
1191 2806 1258 2855 forte

191 2883 358 2949 rationemque
375 2885 498 2934 Interioris
515 2887 584 2947 vitae,
607 2887 699 2936 cultum
744 2884 935 2949 deponendoque
943 2883 1033 2940 tuteia‚·
1045 2883 1071 2930 in
1080 2884 1203 2948 plerisque
1211 2886 1258 2933 eal·

192 2961 365 3024 domesticum,
385 2966 576 3015 moderationem
598 2966 699 3026 inillis,
742 2973 791 3012 tem
813 2966 876 3012 MSS
897 2962 1113 3026 deponendamque
1132 2974 1158 3010 et
1180 2963 1256 3027 depo-

190 3058 245 3104 qnae
265 3036 412 3106 admotum,
433 3047 537 3104 cultum,
559 3046 697 3110 voluptates
741 3043 870 3107 nendoque
890 3043 1004 3097 tutelam
1026 3043 1104 3090 Gron·
1126 3044 1148 3088 Τ
1146 3043 1255 3100 melam,

189 3109 350 3183 adhibentur3
362 3126 440 3173 Gron.
460 3125 508 3174 Sed
519 3125 578 3173 huic
591 3126 697 3190 explica·
742 3139 797 3187 quse
814 3122 866 3187 ipsi
879 3138 948 3178 cum,
970 3131 1017 3168 etc.
1035 3120 1091 3168 edd.
1108 3119 1164 3168 ante
1177 3122 1254 3172 Drak.

190 3199 251 3247 tioni
266 3218 318 3250 non
334 3203 404 3252 obest
417 3203 535 3251 edoctus:
548 3221 603 3252 nam
616 3204 698 3252 doceri
742 3203 809 3267 quod
821 3203 916 3268 placere
928 3214 1018 3266 potest,
1035 3202 1082 3250 Sed
1094 3217 1179 3250 omnes
1189 3203 1255 3251 Mss

189 3279 261 3326 etiem
271 3297 332 3345 equo
342 3282 463 3346 armisque
472 3282 579 3348 (scilicet
593 3283 645 3349 uti)
659 3283 697 3331 di·
741 3283 791 3346 ipsc
801 3299 858 3346 quae
868 3299 970 3328 curm—
981 3284 1011 3329 In
1022 3299 1048 3330 se
1060 3297 1133 3328 unum
1145 3281 1255 3329 omnium

189 3357 280 3417 cimur;
293 3363 351 3409 Em.
363 3362 403 3410 Sic
412 3364 517 3421 XXIX,
534 3379 556 3421 r,
566 3362 609 3409 ubi
619 3365 696 3411 Gron.
740 3362 805 3409 vires
817 3361 947 3417 convertit,
968 3362 1000 3409 ad
1015 3379 1040 3409 se
1058 3359 1140 3408 traxit.
1161 3361 1255 3410 Confer

188 3451 281 3498 monet,
294 3441 330 3487 sic
342 3440 466 3508 etfidibus
475 3441 560 3488 docere
569 3458 597 3490 ac
606 3442 697 3490 ducere
739 3441 771 3488 ad
783 3443 840 3488 Tac.
854 3443 920 3489 Ann.
931 3441 971 3498 II,
985 3442 1031 3499 64,
1045 3456 1070 3488 u.
1083 3439 1107 3485 5.

188 3518 279 3567 dixisse
286 3519 337 3568 Cic.
348 3519 383 3570 Ti
394 3518 492 3566 eductus
501 3519 695 3584 probatBauer.‚
774 3521 835 3569 Cir.
846 3521 877 3566 V.
898 3535 920 3568 r.
944 3519 993 3566 Vix
1011 3519 1107 3583 quidem
1127 3517 1173 3586 ulli
1187 3518 1254 3566 bono

188 3598 269 3645 sedin
285 3614 383 3662 quoqne
394 3597 469 3646 deleri
479 3597 545 3645 velit.
740 3599 913 3662 moderatoque
932 3597 984 3662 regi
997 3596 1084 3663 facilis
1109 3600 1258 3660 comparatu

223 3676 448 3725 cummendare.
456 3676 693 3741 Qunrnexspirasset,
739 3676 881 3742 eratfavor.
890 3676 1051 3724 ..succedenti
1062 3686 1137 3723 tanta
1150 3675 1256 3724 caritati

187 3763 248 3813 etc,
269 3773 299 3804 ex
316 3757 411 3805 emend.
431 3758 484 3805 Jec.
504 3758 583 3806 Gron.
601 3758 644 3821 qui
660 3758 695 3806 ita
739 3755 851 3805 Hieronis
859 3774 869 3814 ,·
879 3755 936 3803 vide
945 3756 976 3802 ad
986 3758 1012 3815 1,
1028 3757 1076 3815 48,
1090 3771 1115 3802 n.
1128 3771 1156 3815 7,
1171 3765 1196 3802 et
1205 3757 1254 3816 IV,

187 3849 284 3898 quoqne
300 3837 444 3910 ¹orationem
470 3838 575 3901 praeced.
600 3837 695 3885 absolvi
742 3853 819 3896 11,n.
834 3852 904 3882 1.-
920 3834 988 3882 Vitiis
1002 3835 1186 3883 desiderabilem
1196 3833 1254 3902 ff

188 3923 271 3959 monet
284 3929 337 3978 cap.
355 3918 398 3975 133
421 3918 498 3976 XXI,
519 3917 565 3976 55;
581 3918 693 3974 XXVII,
737 3931 888 3970 cercurum,
903 3914 1008 3962 excitare
1022 3915 1073 3974 ejus
1087 3913 1252 3974 desiderIum3

189 3991 234 4049 433
243 3992 344 4049 XXXI,
357 4009 397 4053 11,
408 4011 432 4042 n.
442 3996 487 4053 323
496 3997 637 4056 XXXVII,
650 3996 665 4042 5
669 3995 683 4041 5
686 4031 692 4042 .
737 3993 880 4042 Doer.Vitia
889 4005 969 4041 tamen
978 3994 1125 4058 Hieronymi
1133 3993 1165 4040 ab
1174 3993 1254 4042 histo-

187 4073 246 4119 Post
257 4068 309 4119 hcec
321 4072 440 4122 ritarsdata
452 4080 525 4136 q'uum
535 4074 691 4139 respirasset,
737 4073 779 4120 n'ae
794 4073 953 4138 scriptorIbus
965 4073 1103 4138 exaggerari
1119 4073 1253 4124 contendit
1347 4130 1350 4134 .
