2782 4568
165 315 286 417 llll:
366 337 512 404 trouu
545 340 964 409 xxl1.CAP.XL111.
1123 342 1190 414 225

141 503 145 509 -
188 461 313 528 XLIII.
327 457 521 544 Hannibal,
532 473 724 556 postquam
737 474 855 530 motos
867 462 978 557 magis
990 464 1192 539 inconsulte

140 571 341 653 Romanos,
356 593 465 665 quam
483 569 529 639 ad
546 570 713 640 ultimum
732 584 868 640 temere
885 585 1027 641 evectos
1040 582 1066 657 ¹,
1084 573 1193 663 vidit,

140 679 404 775 nequidquam,
421 679 562 750 detecta
576 678 722 766 fraude,
735 681 773 751 in
790 695 903 751 castra
917 680 1031 751 rediit.
1049 681 1105 752 Ibi
1119 683 1195 780 plu-

140 812 196 858 res
212 788 287 860 dies
306 804 455 887 propter
473 791 631 888 inopiam
649 789 820 861 frumenti
834 816 981 861 manere
997 792 1193 889 nequibat3

140 922 305 994 novaque
319 899 466 969 consilia
479 900 517 968 in
531 899 606 969 dies
618 925 693 969 non
707 901 804 996 apud
818 900 947 971 milites
959 902 1095 991 solum,
1109 906 1197 974 mix·
1255 981 1258 1001 Ξ

140 1024 196 1079 tos
214 1035 258 1079 ex
277 1008 481 1080 colluvione
502 1012 665 1080 omnium
688 1014 869 1107 gentium,
887 1011 951 1080 sed
971 1013 1078 1082 etiarn
1099 1015 1196 1111 apud

142 1120 257 1214 ipsum
272 1119 417 1206 ducem,
431 1117 652 1189 oriebantur.
668 1123 760 1190 Nam
775 1143 887 1215 quum
902 1120 1005 1190 initio
1018 1120 1198 1210 fremitus,

141 1227 270 1298 deinde
285 1241 408 1324 aperta
419 1226 625 1297 vociferatio
640 1227 763 1297 luisset
778 1231 1050 1326 exposcentium
1066 1235 1198 1330 stipen-

140 1338 240 1406 dium
257 1334 441 1422 debitum,
458 1337 762 1431 querentiumque
782 1362 962 1407 annonam
981 1342 1119 1435 prim0,
1136 1368 1198 1440 po·

142 1461 275 1516 stremo
298 1445 448 1530 famem3
471 1460 507 1515 et
526 1446 767 1515 mercenarios
792 1446 944 1533 milites,
965 1453 1118 1522 maxime
1140 1450 1198 1523 hi'-

142 1558 245 1652 spani
265 1557 423 1652 generis,
447 1554 492 1624 de
514 1555 724 1625 transitione
748 1556 881 1651 cepisse
900 1557 1087 1628 consilium
1106 1558 1200 1631 fama

143 1680 254 1753 esset3
274 1666 349 1761 ipse
368 1666 474 1734 etiam
494 1663 676 1734 interdum
695 1662 873 1734 Hannibal
892 1665 936 1735 de
953 1665 1037 1763 fuga
1054 1670 1093 1739 in
1112 1671 1198 1740 Gal-

142 1774 226 1843 liam
253 1774 384 1843 dicitur
402 1774 570 1868 agitasse,
591 1775 639 1842 ita
662 1788 722 1860 ut,
749 1772 873 1844 relicto
896 1775 1058 1870 peditatu
1079 1782 1197 1869 omni,

141 1909 224 1954 curn
246 1882 430 1981 equitibus
449 1907 486 1953 se
505 1885 723 1980 proriperet
739 1885 860 1971 Quum
879 1884 954 1954 haec
977 1887 1125 1958 consilia
1144 1888 1198 1959 at-''

143 2020 214 2091 que
231 1994 292 2065 hic
309 1992 455 2065 habitus
474 1995 676 2064 animorum
703 2009 794 2065 esset
818 1995 858 2064 in
883 1999 1028 2086 castris,
1053 2024 1198 2071 movere

143 2105 228 2175 inde
244 2106 384 2187 statuit,
398 2105 437 2173 in
451 2103 620 2174 calidiora
634 2107 742 2200 atque
757 2129 800 2174 eo
813 2109 1009 2177 maturiora
1023 2109 1199 2179 messibus

143 2216 279 2312 Apuliae
297 2215 393 2302 loca3
412 2215 517 2284 simul
534 2229 595 2302 ut,
613 2239 688 2310 quo
702 2213 845 2310 longius
858 2214 903 2285 ab
918 2216 1022 2286 hoste
1036 2221 1199 2289 recessis-
1280 2238 1282 2244 “

144 2341 198 2396 set
210 2336 237 2412 ²,
261 2323 457 2423 transfugia
480 2323 708 2421 impeditiora
733 2323 871 2395 levibus
894 2327 1049 2422 ingeniis·
1068 2344 1198 2399 essent.

144 2436 327 2508 Profectus
345 2449 398 2506 est
419 2449 543 2522 nocte,
558 2433 702 2530 ignibus
723 2435 883 2506 similiter
899 2433 1017 2525 lactis,
1033 2437 1199 2509 taberna-

144 2547 306 2642 culisque
323 2547 445 2643 paucis
461 2545 669 2641 inspeciem
687 2546 837 2632 relictis,
854 2558 894 2614 ut
911 2546 1119 2617 insidiarum
1134 2573 1199 2645 par

145 2658 256 2752 priori
272 2670 390 2724 metus
408 2655 608 2724 contineret
628 2660 821 2724 Romanos.
842 2655 930 2742 Sed,
948 2680 1012 2752 per
1030 2659 1199 2728 eumdem
1223 2724 1226 2745 ,

145 2771 330 2835 Lucanum
350 2762 551 2851 Statilium,
575 2762 745 2833 omnibus
770 2765 864 2833 ultra
889 2780 1002 2836 castra
1027 2783 1199 2865 transque

146 2890 287 2944 montes
306 2873 519 2971 exploratis,
539 2896 652 2966 quum
677 2872 829 2942 relatum
849 2890 961 2961 esset,
979 2877 1093 2945 visum
1114 2902 1197 2971 pro-

146 2985 203 3055 cul
223 2985 383 3054 hostium
406 3007 553 3080 agmen,
577 2995 654 3051 tum
675 2981 720 3052 de
742 2984 967 3079 insequendo
990 3010 1033 3054 eo
1053 2987 1200 3055 consilia

145 3097 270 3192 agitari
289 3109 417 3191 coepta.
439 3095 561 3182 Quum
580 3092 769 3186 utriusque
786 3091 943 3162 consulis
960 3093 1102 3176 eadem,
1119 3121 1200 3190 quae

146 3230 287 3302 semper
300 3219 398 3290 ante,
415 3203 537 3274 fuisset
551 3202 729 3270 sententia
739 3197 766 3287 ³,
782 3215 949 3269 caeterum
961 3205 1112 3302 Varroni
1125 3202 1200 3272 fere

146 3339 289 3398 omneS,
311 3314 421 3385 Paulo
439 3337 568 3399 nem0,
592 3306 723 3408 practer
741 3310 949 3397 Servilium,
969 3312 1097 3406 prioris
1116 3314 1201 3381 anni

147 3423 349 3510 consulem,
359 3424 603 3507 assentiretur,
617 3421 761 3514 majoris
773 3419 883 3516 partis
897 3419 1074 3488 sententia
1086 3418 1131 3488 ad
1144 3445 1204 3490 no·

146 3620 233 3656 statem
245 3608 362 3663 solvisset,
376 3608 550 3665 imminuisset,
562 3620 603 3656 aut
613 3620 651 3655 to·
697 3609 743 3664 64,
760 3623 785 3652 n.
804 3622 829 3653 a.
850 3633 885 3641 -
897 3604 978 3651 Verba
998 3603 1092 3650 detecta
1105 3601 1202 3667 fraude

146 3700 195 3734 tam
210 3704 281 3752 paene
297 3687 443 3744 sustulisset,
455 3699 483 3734 ut
497 3691 521 3747 1,
532 3695 573 3747 49.
696 3686 799 3748 glossam
812 3683 938 3741 redolent,
949 3685 1023 3728 Doer.

181 3768 242 3814 Car.
252 3769 344 3814 XLIII.
359 3782 379 3811 1.
393 3765 437 3812 Ad
445 3760 553 3812 ultimum
567 3777 653 3812 temere
733 3780 756 3809 a.
772 3765 825 3823 Quo
835 3761 928 3824 longius
938 3762 970 3807 ab
981 3759 1048 3806 toste
1058 3760 1201 3818 recessisset,

148 3857 247 3900 erectos,
258 3845 419 3909 abreptos,ut
425 3846 534 3902 XXXV,
543 3844 654 3904 313sorte
698 3858 727 3888 oo
741 3840 906 3903 impeditiora,
920 3851 966 3886 etc.
982 3838 1056 3885 Conl.
1067 3838 1098 3885 ad
1111 3841 1204 3898 11,r,5,

148 3933 172 3968 et
179 3924 262 3977 XLII,
273 3925 304 3969 (ia
312 3958 319 3979 ‚
327 3924 375 3970 nisi
385 3940 426 3986 spe
436 3939 506 3969 arana
518 3933 607 3968 evectus
618 3931 654 3968 est
699 3938 723 3966 n.
735 3936 774 3965 ra.
787 3918 859 3979 Quod
869 3917 962 3980 longius
976 3916 1063 3979 optimi
1072 3918 1143 3964 MSS.
1182 3929 1188 3938 ‘

148 4000 231 4046 clatus.
253 4026 287 4035 -
307 4002 490 4064 Nequidquam,
506 4001 557 4047 sinc
574 4016 655 4063 opertu
735 4000 758 4046 3.
771 3999 848 4058 erum
861 3995 984 4058 utriusque
994 3995 1097 4042 consulis
1107 3997 1204 4053 eadem,

148 4094 261 4124 successu
278 4079 414 4142 fructuque.
434 4081 503 4127 Conl.
520 4080 550 4125 ad
569 4080 655 4133 XLII,
700 4095 754 4139 quw
764 4091 855 4140 semper
865 4087 933 4131 ante,
945 4071 1127 4139 disseminatio]
1137 4087 1208 4132 esset,

271 4168 335 4232 Jlsss
999 4154 1038 4228 15
