2782 4568
202 329 273 416 254
386 305 391 315 '
629 331 665 395 r.
691 330 828 396 Lrvu
1113 308 1261 429 &13:322

199 485 218 520 e
231 452 336 525 vobis
354 475 536 539 censeam,
550 455 671 521 Patres
688 431 882 544 conscripti
895 444 945 541 (si
961 460 1082 516 tamen
1098 432 1265 522 duriores

201 594 218 629 «
232 587 309 639 esse
326 563 463 649 velitis,
480 560 581 659 quod
600 558 702 630 nullo
721 571 847 627 nostro
864 559 994 626 merito
1013 554 1182 654 faciatis),
1203 561 1266 630 cui

201 705 219 741 α
232 700 299 746 nos
322 675 419 745 hosti
439 672 598 743 relicturi
617 669 713 755 si'tis3
731 666 868 763 Pyrrho
893 665 1078 752 videlicet,
1105 667 1168 763 qui
1195 693 1265 742 nos

200 785 416 883 «hospitum
433 805 585 854 numero
604 778 734 851 habuit
757 777 914 875 captivos
928 772 956 864 ⁸,
975 801 1021 848 an
1041 775 1197 847 barbaro
1221 803 1265 850 ac

202 901 361 981 «Poeno,
376 895 440 991 qui
458 905 580 963 utrum
595 891 751 978 avarior,
767 913 813 959 an
826 886 1025 973 crudelior,
1045 889 1107 974 sit,
1122 889 1181 958 vix
1196 891 1266 960 exi·

202 1006 369 1076 estimari
387 1015 517 1100 potest.
542 1001 579 1071 Si
602 1000 751 1072 videatis
771 1013 933 1087 catenas,
952 999 1178 1095 squalorem,
1198 1000 1266 1072 de-

201 1112 450 1184 «formitatem
470 1111 601 1182 civium
619 1124 842 1197 vestrorum,
860 1135 935 1180 non
960 1112 1080 1180 minus
1099 1108 1270 1207 profecto

202 1253 220 1289 α
234 1249 356 1295 rosea
374 1223 509 1321 species
531 1235 691 1310 moveat,
712 1244 821 1318 quam
839 1222 868 1290 si
886 1246 929 1290 ex
945 1220 1054 1293 altera
1072 1234 1173 1319 parte
1188 1244 1265 1293 cer·

202 1361 221 1398 «
234 1336 326 1405 natis
340 1349 466 1404 stratas
477 1332 719 1404 cannensihus
732 1332 868 1428 campis
881 1331 1040 1426 legiones
1053 1345 1197 1403 vestras.
1209 1338 1268 1404 In·

202 1475 220 1511 «
234 1443 327 1514 tueri
342 1443 491 1539 potestis
505 1440 782 1513 sollicitudinem
798 1454 833 1511 et
847 1439 1018 1538 lacrymas
1034 1444 1072 1511 in
1085 1441 1269 1515 vestibulo

202 1585 221 1621 «
233 1555 340 1625 curiae
358 1555 529 1624 stantium
548 1566 784 1650 cognatorum
803 1567 1032 1638 nostrorum,
1052 1565 1266 1650 exspectan·
1301 1640 1305 1644 Α

204 1696 222 1732 ιι
236 1666 400 1759 tiumque
411 1686 624 1759 responsum
633 1677 804 1733 vestrum.
813 1664 937 1751 Quum
946 1662 970 1731 ii
977 1669 1048 1759 'pro
1056 1661 1178 1751 nobis,
1186 1682 1268 1760 pro·

204 1800 306 1871 «que
326 1775 390 1861 iis,
409 1775 473 1870 qui
494 1772 645 1859 absunt,
664 1775 713 1844 ita
735 1774 900 1870 suspensi
923 1795 965 1844 ac
986 1773 1156 1844 sollieiti⁹
1173 1775 1265 1862 sint;

204 1909 345 1981 «quem
375 1885 529 1954 censetis
552 1885 714 1955 animum
735 1885 899 1980 ipsorum
920 1904 1021 1972 esse,
1042 1907 1200 1980 quorum
1228 1884 1268 1953 in

205 1994 440 2065 «discrimine
459 1995 531 2064 vita
552 1993 771 2090 libertasque
792 1994 868 2064 est?
884 1995 940 2083 Si,
958 2017 1016 2063 me
1037 1993 1118 2064 dius
1139 1990 1267 2081 fidius,

205 2135 222 2170 α
235 2106 311 2202 ipse
325 2097 365 2174 in
377 2129 446 2176 nos
459 2105 556 2176 mitis
567 2102 746 2176 Hannibal
759 2118 884 2175 contra
899 2118 1061 2175 naturam
1077 2128 1178 2175 suam
1190 2128 1269 2176 esse

205 2246 222 2281 «ι
234 2217 340 2305 velit,
361 2213 451 2285 nihil
471 2229 593 2286 tamen
610 2214 718 2287 nobis
737 2215 808 2284 vita
830 2239 923 2313 opus
945 2239 1021 2286 esse
1039 2240 1267 2304 censeamus,

205 2355 222 2390 «ι
236 2351 350 2422 quum
369 2325 527 2424 indigni,
546 2339 587 2396 ut
606 2351 626 2395 a
643 2323 746 2396 vobis
764 2324 1035 2413 redimeremur,
1047 2326 1112 2395 visi
1131 2349 1267 2396 sumus.

206 2464 224 2499 «
237 2434 389 2505 Rediere
404 2441 555 2506 Romam
569 2435 755 2532 quondam
768 2437 939 2534 remissia
952 2435 1086 2533 Pprrho
1098 2437 1174 2506 sine
1190 2459 1270 2532 pre·
1337 2447 1341 2461 '

207 2573 224 2607 α
237 2545 288 2613 tio
307 2546 402 2641 capti
419 2545 503 2616 :sed
523 2546 662 2615 rediere
680 2569 763 2618 cum
781 2543 925 2643 legatis,
943 2545 1163 2643 primoribus
1181 2546 1270 2616 civi-

207 2681 224 2716 «
238 2655 337 2741 tatis,
355 2653 399 2723 ad
418 2654 649 2726 redimendos
665 2680 742 2727 sese
755 2658 881 2728 missis.
898 2657 1056 2728 Redearn
1069 2682 1135 2754 ego
1154 2658 1191 2727 in
1208 2681 1270 2754 pa·

114 2766 117 2773 '
207 2793 224 2828 s
238 2763 342 2832 triam
351 2776 387 2851 ¹⁰,
397 2767 568 2835 trecentis
580 2769 736 2836 nummis
747 2791 823 2838 non
836 2769 1028 2838 aestimatus
1042 2768 1145 2838 civis?
1155 2771 1270 2838 Suum

208 2903 225 2938 ι(
238 2874 391 2969 quisque
406 2872 516 2944 habet
527 2877 702 2959 animum,
713 2881 834 2948 Patres
844 2879 1045 2974 conscripti.
1059 2878 1139 2947 Scio
1151 2879 1188 2945 iu
1201 2877 1271 2947 dis·

207 3014 225 3051 «
238 2984 387 3054 crimine
400 3007 476 3054 esse
487 2985 595 3055 vitam
607 3011 811 3084 corpusque
821 3012 941 3057 meum
954 3014 961 3056 :
975 2989 1085 3081 magis
1098 3013 1156 3059 me
1168 2986 1270 3059 famoe

209 3124 226 3160 a
240 3092 441 3190 perieulum
453 3111 592 3184 movet,
603 3123 649 3169 ne
661 3097 792 3169 avobis
803 3097 1013 3170 damnati'ac
1022 3097 1156 3195 repulsi
1166 3096 1271 3169 abea-

209 3234 227 3271 e
240 3229 344 3292 mus;
366 3231 488 3304 neque
516 3210 612 3279 enim
637 3235 701 3280 uos
730 3212 848 3308 pretio
876 3210 1077 3308 pepercisse
1104 3208 1270 3281 homines
1317 3201 1323 3208 “

174 3372 176 3383 .
209 3344 227 3380 ot
242 3316 431 3387 credent.»

245 3523 268 3570 8.
280 3524 331 3570 Nos
340 3522 460 3588 hospitum
471 3540 570 3572 numero
580 3525 666 3575 habirit
676 3543 718 3575 ea-
762 3531 802 3586 11,
821 3529 868 3588 31,
882 3545 908 3575 n.
920 3527 943 3576 5.
960 3529 1023 3575 Mox
1039 3527 1089 3575 visi
1102 3527 1176 3576 simus
1192 3535 1257 3574 reete
1264 3560 1272 3585 ‚

205 3601 284 3666 μείνω
292 3635 300 3659 ,
308 3601 334 3651 h.
345 3619 366 3651 e.
378 3614 489 3661 nostros,
501 3606 641 3664 Romanos;
653 3607 718 3654 Duk.
762 3607 866 3671 opinor,
879 3609 944 3668 conj.
955 3609 1020 3655 Mur.
1033 3617 1057 3654 et
1070 3607 1148 3657 Gron.

212 3683 284 3729 Forte
297 3681 344 3730 del.
357 3698 415 3738 uos,·
427 3684 512 3731 Bauer.
528 3687 575 3732 Vos
589 3686 644 3732 Put.
655 3686 719 3733 Flor.
801 3702 839 3733 ιο.
856 3687 961 3733 Redeam
974 3703 1018 3751 ego
1034 3688 1059 3736 in
1068 3686 1193 3750 patriam,
1208 3688 1277 3733 eto?

212 3761 312 3808 Gaertn.
323 3771 347 3807 et
356 3763 431 3820 Ham
442 3763 507 3810 unde
516 3765 644 3813 Creverius
653 3767 718 3827 conj.
764 3777 879 3829 optemne
894 3780 939 3828 ego
957 3766 984 3812 in
1003 3767 1105 3830 patriam
1123 3764 1215 3821 redire,
1229 3764 1274 3812 ubi

209 3853 274 3886 suos.
292 3866 324 3875 -
341 3841 502 3900 Existimari‚·
513 3843 570 3891 vide
584 3844 615 3891 ad
629 3845 719 3893 librum
764 3844 825 3891 civis
836 3844 939 3892 habetur
949 3845 1075 3910 indignus,
1087 3845 1128 3910 qui
1142 3846 1192 3892 300
1202 3860 1274 3890 num·

211 3918 256 3974 IV,
269 3934 322 3982 cap.
336 3921 375 3978 15,
387 3938 412 3970 u.
423 3938 445 3968 r.
764 3923 811 3970 mis
821 3923 970 3972 redimatur?
981 3927 1055 3974 Doer.
1065 3925 1185 3988 Loquitur
1195 3934 1219 3971 et
1229 3939 1274 3971 no·

247 4012 271 4057 9.
283 3998 394 4060 Suspensi
404 4017 434 4047 ae
443 4001 543 4050 solliciti
547 4021 556 4056 ,·
565 4003 631 4052 conf.
640 4004 672 4051 ud
681 4008 719 4063 11,
762 4005 830 4052 mine
840 4005 999 4069 captivorum.
1007 4033 1042 4042 -
1049 4005 1130 4070 Magis
1139 4021 1177 4052 me
1178 4003 1272 4071 sama,

213 4075 258 4132 32,
272 4091 296 4121 n.
309 4077 334 4124 5.
348 4104 384 4115 -
397 4081 438 4125 Me
453 4081 507 4128 dius
511 4081 607 4147 fidimr
618 4083 676 4130 vide
687 4083 720 4132 ad
734 4123 737 4131 f
763 4097 825 4148 ete.;
837 4097 894 4135 anto
903 4087 980 4152 magis
989 4088 1077 4151 supple
1085 4086 1131 4136 sed
1132 4122 1141 4146 ‚
1151 4101 1244 4134 verum.
