2782 4568
120 340 1179 382 mmmmmmmmvpnmwumnummmmmmmwsmm.

406 589 964 717 annonara.

125 903 195 979 DE
222 899 441 980 ALPIBUS
469 900 535 978 AB
562 892 868 978 HANNIBALE
895 897 1182 976 SUPERATIS

342 1152 393 1198 AD
417 1151 561 1199 LIBRUM
584 1152 669 1208 XXI,
695 1150 777 1199 CAP.
796 1150 970 1215 XXXVIII.
1052 1185 1054 1189 ‚
1116 1161 1120 1173 ·

464 1410 856 1444 ...ὥσθ’-ψ.

457 1612 459 1616 ‘
490 1632 618 1707 raas
650 1640 825 1708 aaron,

130 1857 253 1986 Quuu
269 1897 369 1961 multa
389 1912 514 1959 aeternae
526 1895 689 1958 memoriae
701 1893 843 1958 facinora
852 1892 1057 1959 admirationi
1073 1913 1190 1960 nostrae

129 2016 289 2088 proponat
307 1998 495 2086 antiquitas,
515 1997 598 2059 inter
622 2012 734 2059 caetera
756 2012 864 2061 tamen
889 1993 1040 2061 transitus
1061 1998 1190 2087 Alpium

131 2103 269 2182 eminet,
291 2101 357 2164 sive
373 2099 414 2162 ad
435 2098 555 2185 incepti
577 2096 741 2160 audaciam
761 2096 1044 2186 difficultatesque,
1066 2099 1132 2162 sive
1151 2098 1192 2162 ad

131 2218 283 2265 eventum
310 2199 469 2287 respicias.
503 2199 659 2287 Magnum
688 2201 775 2261 eninr
804 2201 1025 2286 spectaculum
1049 2215 1114 2281 est,
1142 2200 1193 2262 di·

131 2325 296 2391 gnumque
315 2301 356 2364 ad
378 2300 468 2390 quod
488 2321 600 2363 omnes
621 2300 735 2389 populi
754 2315 942 2363 convertant
959 2301 1090 2380 oculos,
1113 2323 1193 2363 con-

131 2405 277 2495 templari
290 2404 443 2482 juvenem
457 2401 565 2490 patriae
577 2401 833 2464 amantissimum
848 2415 880 2462 et
893 2400 1001 2488 gloriae
1018 2399 1194 2488 cupiditate

31 2530 33 2535 ⁴
132 2502 334 2591 flagrantem,
354 2505 411 2590 qui
428 2503 542 2589 prioris
559 2503 636 2566 belli
649 2501 806 2566 dedecora
819 2516 852 2586 et
869 2501 1092 2590 ignominiosae
1109 2502 1195 2589 pacis

132 2602 306 2665 foeditatem
330 2603 532 2691 indignatus,
553 2604 614 2667 sibi
636 2605 721 2668 viam
746 2603 901 2667 hactenus
925 2603 1114 2666 intentatam
1138 2627 1197 2691 per

134 2704 222 2766 nives
234 2726 270 2766 ac
284 2719 446 2791 praerupta
461 2704 623 2766 montium
635 2705 753 2792 aperit,
765 2705 888 2767 ltaliam
903 2704 1038 2792 inopino
1053 2703 1197 2767 tumultu

134 2803 345 2890 trepidantem
362 2801 502 2885 invadit,
524 2812 737 2891 accensasque
759 2805 891 2869 ebusto
910 2807 1084 2894 saguntino
1101 2806 1197 2870 taedas

135 2906 168 2968 iu
183 2904 354 2992 Capitolini
368 2905 453 2969 lovis
467 2904 568 2968 aedem
583 2905 757 2984 jaculatur!
780 2906 936 2988 Quamvis
952 2922 1061 2969 autem
1078 2907 1117 2969 ab
1135 2906 1198 2971 hoc

134 3007 266 3094 Alpium
287 3007 426 3070 transitu
442 3007 630 3070 Hannibalis
651 3006 755 3070 audax
775 3024 808 3071 ct
825 3006 1028 3071 callidissima
1044 3006 1200 3073 fortitudo

134 3125 238 3173 tantas
252 3109 406 3172 Romanis
421 3108 524 3173 clades'
538 3108 731 3196 portendere
742 3110 808 3172 visa
823 3102 879 3184 sit,
896 3126 1020 3189 tamen,
1034 3131 1097 3195 qua
1108 3126 1199 3197 parte

135 3212 201 3276 illas
217 3213 382 3278 'montium
399 3209 584 3274 altitudines
602 3209 850 3293 transcenderit,
865 3208 1074 3298 primumque
1091 3208 1201 3273 fulmi.

136 3314 259 3375 navarit
273 3313 307 3375 in
321 3312 462 3391 Italiam,
478 3310 616 3376 dubium
631 3311 792 3400 reliquere
812 3327 977 3391 auctores,
995 3327 1027 3374 et
1043 3308 1121 3374 inde
1142 3333 1199 3374 nc·

137 3415 203 3477 scio
222 3413 302 3500 quid
323 3413 543 3476 admirationis
565 3413 633 3501 ipsa
654 3429 764 3476 movet
783 3410 953 3501 expeditio,
971 3410 1058 3494 Quae'
1069 3409 1200 3499 quidem

137 3531 320 3602 temporum
341 3532 436 3580 nocte
456 3515 601 3578 involuta
621 3530 685 3596 est,
706 3537 773 3577 non
791 3506 867 3603 quia
882 3513 1004 3576 nemini
1020 3527 1076 3576 aut
1091 3513 1201 3600 paucis

138 3616 315 3680 admodum
329 3639 366 3678 ea
379 3616 443 3680 sint
455 3633 581 3680 narrata
591 3639 598 3680 :
608 3616 710 3680 immo
722 3616 922 3704 quicumque
932 3614 972 3679 de
986 3609 1071 3679 bello
1080 3614 1201 3703 punico

138 3716 282 3782 secundo
300 3732 532 3799 tractaverunt,
555 3733 680 3781 tantum
704 3718 829 3782 facinus
848 3718 1090 3805 praetermittere
1109 3717 1200 3780 nullo

139 3819 237 3882 modo
253 3829 423 3906 poterant:
444 3820 589 3908 plerique
604 3844 681 3885 vcro
695 3818 861 3885 annalium
874 3817 1060 3907 scriptores,
1077 3818 1147 3881 loca
1159 3810 1200 3881 de

140 3920 257 4007 quibus
272 3920 394 3983 mentio
413 3939 480 3985 erat
496 3914 689 4012 cognoscere
709 3922 907 4001 omiserunt3
927 3937 959 3984 et
976 3917 1135 4007 quidquid
1149 3918 1199 3984 di·

140 4044 230 4085 verso
244 4023 362 4109 cuique
379 4021 502 4087 diversa
518 4025 602 4088 fama
616 4026 782 4105 attulerat,
800 4022 888 4087 illud'
899 4013 1005 4086 statim
1022 4019 1198 4109 adscripse-
