2782 4568
313 200 317 227 l

212 319 279 389 302
629 318 668 383 T.
699 320 841 386 ravit
1123 296 1252 402 3:333&

208 460 418 516 concessum
439 422 615 504 barbarus
632 450 751 525 ratus,
768 438 887 509 moliri
906 453 1046 536 portas,
1065 454 1101 510 et
1119 440 1279 514 claustra

208 548 404 644 refringere
418 558 535 641 parat,
550 570 683 642 quum,
698 545 884 645 patefactis
900 564 1050 646 repente
1065 553 1197 647 portis,
1212 579 1277 624 co-

207 660 331 729 hortes
345 655 443 742 duae,
457 653 502 724 ad
521 655 555 724 id
569 657 687 752 ipsum
704 658 887 729 instructae
905 660 1022 748 intus,
1036 661 1173 757 ingenti
1189 689 1277 735 cum

207 768 368 841 tumultu
389 780 606 862 erumpunt,
629 781 857 866 stragemque
876 769 1036 840 hostium
1054 771 1202 843 faciunt.
1219 780 1276 845 Ita

205 878 331 978 primis
350 876 524 974 repulsis,
544 876 748 962 Maharbal,
767 903 851 949 cum
869 880 1005 974 majore
1025 880 1159 952 robore
1173 884 1274 953 viro-

205 1014 287 1060 rum
302 989 445 1073 missus,
459 1011 527 1056 nec
541 987 616 1082 ipse
628 989 856 1084 eruptionem
872 989 1077 1061 cohortium
1088 995 1272 1084 sustinuit.

206 1105 391 1171 Postremo
412 1095 614 1184 Hannibal,
633 1100 755 1169 castris
773 1114 857 1171 ante
875 1103 952 1198 ipsa
972 1105 1105 1173 moenia
1123 1106 1273 1200 opposi-

205 1212 272 1299 tis,
292 1233 438 1307 parvam
457 1207 583 1279 urbem
604 1214 831 1306 parvumque
852 1212 1057 1310 praesidium
1077 1240 1216 1285 summa
1237 1218 1273 1286 vi

206 1336 316 1417 atque
333 1318 503 1390 omnibus
522 1320 634 1417 copiis
653 1345 866 1418 oppugnare
882 1338 983 1419 parat
998 1349 1007 1411 ;
1024 1349 1085 1410 ac,
1104 1324 1192 1396 dum
1212 1328 1271 1396 in·

206 1445 275 1503 stat
293 1432 529 1526 lacessitque,
551 1454 685 1500 corona
706 1431 869 1527 undique
891 1432 1119 1503 circumdatis
1138 1438 1273 1505 moeni-

205 1541 293 1630 bus,
315 1541 453 1636 aliquot
472 1540 620 1626 militeS,
640 1554 675 1610 et
695 1542 1005 1639 promptissimum
1027 1567 1230 1640 quemque,
1250 1572 1271 1617 e

168 1688 176 1703 s
204 1677 311 1724 muro
327 1649 560 1745 turribusque
574 1651 681 1737 ictos,
697 1651 824 1720 amisit.
839 1652 955 1721 Semel
969 1651 1066 1721 ultro
1084 1677 1272 1749 erumpen-

204 1779 259 1835 tes
272 1763 413 1858 agmine
428 1758 711 1856 elephantorum.
721 1763 910 1858 opposito²
925 1787 1040 1858 prope
1053 1762 1270 1852 interclusit,

205 1871 440 1969 trepidosque
460 1871 635 1966 compulit
658 1871 696 1939 in
717 1870 868 1955 urbem,
893 1873 976 1942 satis
996 1872 1138 1961 multis,
1161 1859 1271 1944 ut'ex

206 1996 303 2052 tanta
319 1980 515 2078 paucitate,
529 1977 727 2050 interfectis
741 2007 749 2050 :
765 1980 887 2076 plures
901 1979 1128 2069 cecidissent,
1143 1984 1181 2051 ni
1195 2008 1271 2054 nox

203 2093 327 2191 praelio
350 2091 611 2162 intervenisset.
639 2094 787 2159 Postero
814 2087 873 2158 die
896 2091 1059 2159 omnium
1086 2094 1195 2161 animi
1222 2092 1272 2164 ad

203 2201 492 2300 oppugnandum
506 2199 771 2282 accenduntur3
784 2199 911 2292 utique
925 2214 1118 2297 postquam
1133 2227 1271 2274 corona

203 2339 309 2384 aurea
328 2313 473 2382 muralis
489 2309 674 2406 proposita
693 2305 783 2396 est3,
803 2322 911 2403 atque
927 2312 1001 2406 ipse
1018 2312 1093 2380 dux
1112 2313 1269 2403 castelli,

133 2421 135 2426 ’
202 2424 312 2520 plano
326 2423 408 2491 loco
422 2420 546 2517 positi,
563 2442 708 2514 segnem
725 2419 1037 2515 oppugnationem
1052 2425 1201 2518 Sagunti
1214 2449 1270 2495 ex·

204 2528 467 2629 pugnatoribus
481 2526 741 2625 exprobrabat,
753 2531 1269 2630 Cannarum,Trasimenique,

201 2657 239 2712 et
254 2638 390 2709 Trebiae
409 2637 568 2734 singulos
584 2636 801 2722 admonens,
819 2639 1089 2739 universosque.
1107 2645 1196 2716 Inde
1211 2647 1268 2715 vi-

202 2776 278 2823 neae
296 2772 445 2846 quoque
468 2762 593 2844 coeptae
616 2750 689 2846 agi,
708 2749 937 2846 cuniculique
960 2778 967 2821 :
993 2779 1061 2824 nec
1082 2755 1134 2825 ad.
1150 2757 1268 2827 varios

202 2877 353 2934 conatus
378 2860 536 2930 hostium
562 2874 623 2930 aut
648 2861 701 2930 vis
725 2859 819 2944 ulla,
844 2875 905 2931 aut
928 2887 983 2932 ars
1006 2864 1139 2935 deerat.
1168 2868 1268 2936 Socii

201 2978 449 3042 Romanorum
467 2969 739 3066 propugnacula
758 2970 928 3041 adversus
944 2974 1065 3044 vineas
1088 2989 1265 3064 statuere,

200 3082 412 3153 transversis
435 3079 610 3150 cuniculis
631 3078 790 3149 hostium
811 3079 996 3151 cuniculos
1022 3083 1207 3180 excipere,
1229 3097 1266 3154 et

200 3194 317 3290 palam
338 3205 374 3262 et
393 3190 484 3260 clam
504 3191 631 3285 coeptis
646 3187 789 3259 obviam
804 3190 874 3275 ire,
891 3190 1008 3262 donec
1023 3193 1142 3288 pudor
1157 3194 1266 3263 etiam

200 3302 438 3374 Hannibalem
453 3298 498 3370 ab
513 3299 657 3397 incepto
673 3301 818 3369 avertit:
836 3301 1056 3396 castrisque‘*
1070 3305 1267 3373 communi-

200 3417 263 3502 tis,
281 3438 322 3484 ac
341 3396 505 3510 praesidio
525 3408 669 3503 modico
687 3409 876 3507 imposito,
892 3435 938 3479 ne
952 3412 1083 3481 omissa
1097 3437 1154 3482 res
1167 3412 1266 3482 vide·

197 3612 312 3672 Metaque
329 3621 480 3663 concessum,
500 3601 594 3667 oppido
610 3603 709 3650 cessisse
790 3603 814 3648 3.
834 3601 920 3664 Utique
933 3615 1064 3668 postquam
1079 3592 1171 3653 ebrona
1186 3623 1265 3654 aurea

120 3721 124 3725 ,
198 3688 339 3752 praesidium
352 3697 377 3732 et
387 3683 489 3732 incolas.
508 3711 543 3718 -
557 3681 710 3746 Moliripor·
753 3680 853 3727 muralis
858 3681 987 3743 proposita
1000 3696 1049 3740 est‚·
1059 3685 1116 3732 vide
1128 3685 1159 3732 ad
1169 3687 1264 3744 11,30‚

179 3808 182 3817 ,
197 3779 245 3823 tas,
255 3781 387 3823 removere,
395 3763 432 3810 vel
440 3763 578 3827 viaperire3
587 3776 647 3809 nos:
657 3777 710 3808 aas·
753 3775 779 3806 n.
792 3774 815 3816 1,
828 3769 853 3806 et
865 3760 914 3818 vt,
925 3776 971 3817 ao,
981 3778 1024 3808 n.1
1037 3775 1062 3810 et
1073 3763 1096 3810 5.

197 3845 284 3901 beben,
290 3844 418 3908 foramem
431 3841 626 3890 strothiusVidc
637 3856 710 3904 supra
789 3846 813 3892 4.
826 3840 909 3885 Donec
917 3841 1002 3902 paedor
1014 3844 1087 3889 etiam
1099 3843 1265 3890 Hannibalem

199 3923 230 3973 ad
237 3925 285 3980 VI,
298 3938 338 3979 11,
349 3939 374 3969 n.
386 3922 410 3969 5.
753 3918 786 3963 ab
799 3916 889 3965 incerto
902 3921 1001 3967 avertit:
1010 3922 1143 3984 castrisque
1149 3955 1209 3969 .....
1217 3923 1265 3969 Ca-

125 4047 129 4053 ,
232 4018 256 4049 a.
272 4001 375 4065 Agmine
386 3999 569 4062 elephantorum
580 3998 707 4063 oppositu
747 4012 826 4059 paam
836 3999 963 4056 concessit,
975 4000 1051 4046 scilic.
1062 4001 1200 4059 Hannibal3
1211 4001 1264 4051 vid.

199 4080 255 4128 vide
264 4079 295 4128 ad
305 4081 381 4137 m,
394 4079 441 4137 56,
451 4095 477 4126 n.
488 4087 512 4134 t.
752 4078 789 4134 11,
804 4075 853 4135 56,
863 4094 890 4127 n.
903 4093 925 4126 1.
939 4080 1061 4142 -Vulgo
1075 4081 1183 4129 creditur
1196 4082 1265 4128 Han-
