2782 4568
192 324 261 394 208
617 326 656 392 r.
689 327 828 395 alvu
1107 302 1229 406 33:332:

186 445 325 519 ‘Manlio
334 443 513 533 Vulsone,
524 447 572 515 M.
585 446 726 516 AEmilio
741 445 898 542 Lepid0,
911 443 1054 515 duobus
1070 446 1257 520 nobilibus

187 559 280 654 jam,
302 554 515 625 familiarum
531 555 668 652 plebei,
688 562 727 627 C.
749 555 858 626 Atilio
877 560 1032 626 Serrano
1046 569 1082 625 et
1100 558 1144 645 Q.
1164 557 1256 628 AElio

189 672 303 752 Paeto,
334 688 492 763 quorum
520 667 608 737 alter
629 663 814 765 pontifex,
842 664 930 736 alter
953 690 1067 762 augur
1092 680 1188 754 erat,
1215 672 1253 738 C.

190 778 380 850 Terentius
389 777 516 848 consul
528 802 623 848 unus
636 791 790 866 creatur,
800 791 842 846 ut
856 778 893 846 in
904 800 1015 845 manu
1026 777 1056 870 ej
1062 786 1123 845 us²
1137 791 1256 847 essent

189 890 331 962 comitia
340 887 502 983 rogando
513 888 667 985 collegae.
675 893 767 958 Tum
777 903 924 984 experta
935 885 1114 975 nobilitas,
1126 913 1256 984 parum

191 1000 300 1073 fuisse
322 1001 453 1070 virium
481 1000 520 1068 in
547 988 871 1097 competitoribus,
892 1003 931 1068 L.
958 998 1140 1067 AEmilium
1161 1002 1253 1068 Pau·

191 1110 288 1199 lum,
303 1110 366 1205 qui
383 1133 467 1178 cum
482 1113 531 1179 M.
549 1112 650 1180 Livio
665 1109 790 1179 consul
806 1105 957 1198 fuerat³,
973 1123 1009 1178 et
1022 1109 1254 1180 damnatione

189 1219 336 1314 collegae
346 1233 382 1289 et
396 1242 460 1288 sua
473 1242 588 1317 prope
603 1218 791 1289 ambustus
805 1233 983 1306 evaserat,
996 1217 1168 1288 infestum
1181 1220 1255 1316 ple-

187 1329 248 1400 bei
258 1332 285 1418 Ι,
299 1328 362 1399 diu
377 1353 418 1399 ac
435 1329 590 1399 multum
609 1343 856 1412 recusantem,
870 1327 916 1398 ad
933 1329 1146 1425 petitionem
1163 1352 1255 1398 com-

189 1440 302 1537 pellit.
326 1445 361 1510 ls
387 1442 553 1537 proximo
575 1439 747 1508 comitiali
769 1438 848 1527 die,
870 1437 1156 1509 concedentibus
1174 1464 1255 1508 om-

186 1633 280 1697 velipsi
291 1632 330 1680 vel
338 1634 441 1692 majores
450 1645 535 1686 eorum
546 1631 698 1692 magistratus
742 1629 860 1687 XXVII,
880 1630 925 1686 34,
944 1629 990 1686 35,
1007 1641 1032 1678 et
1044 1632 1148 1688 XXIX,
1164 1633 1205 1691 37.
1220 1659 1256 1668 —-

189 1714 283 1762 curules
295 1723 417 1775 gesserant
429 1708 490 1773 (non
500 1709 557 1772 quia
566 1709 698 1772 alterpou·
742 1707 908 1754 Damnatione
914 1708 1013 1773 collegae
1018 1721 1042 1755 et
1047 1725 1093 1756 sua
1099 1709 1255 1758 damnatione

186 1793 261 1857 tifex,
276 1792 339 1838 alter
351 1805 431 1854 augur
439 1799 507 1843 erat,
523 1803 577 1851 quae
587 1788 698 1837 sacerdo·
737 1803 818 1851 prope
830 1787 952 1834 ambustus
966 1799 1087 1844 euaserat,
1103 1788 1189 1853 capitis
1199 1805 1254 1839 reus

188 1873 222 1920 tia
235 1871 308 1918 etiam
320 1869 413 1933 plebeia
427 1868 514 1925 fuisse,
532 1879 601 1931 patet
616 1884 646 1914 ex
659 1871 698 1926 X,
743 1865 923 1913 damnationem
936 1867 978 1912 vix
990 1867 1122 1928 effugerat,
1136 1884 1256 1931 niagnam·

188 1953 220 2008 6,
233 1967 258 1997 ιι.
270 1943 319 2012 9),
334 1947 377 1994 sed
381 1945 540 2012 familiarum
546 1946 628 2010 plebei
634 1981 642 2003 ,
655 1963 699 1994 seu
743 1962 790 2008 que
801 1945 932 1992 abstulerat
943 1946 1134 2010 turpitudinem,
1155 1958 1183 1994 ut
1199 1964 1253 2012 cap.

185 2029 280 2095 plebis,
293 2027 386 2075 scilieet
401 2026 561 2077 existentibus
572 2026 611 2072 vel
619 2026 698 2073 borni·
742 2032 775 2078 4ο
794 2039 831 2087 pr.
853 2038 878 2070 se
886 2025 1009 2087 populare
1021 2024 1159 2072 incendium
1168 2026 1255 2089 priore

186 2109 273 2166 nibus,
283 2107 332 2154 boc
340 2117 389 2163 est,
400 2104 431 2152 de
440 2105 525 2169 plebe,
536 2105 575 2152 vel
584 2105 696 2169 plebeiis.
742 2103 868 2150 consulatu
884 2102 1021 2150 semiustum
1042 2103 1161 2168 ffagisse.
1182 2101 1255 2166 (Post

187 2189 279 2238 Confer
287 2186 319 2233 ad
329 2189 366 2243 Π,
378 2186 423 2244 33,
432 2202 457 2233 ιι.
469 2201 500 2249 a;
510 2188 563 2244 III,
577 2185 622 2244 36,
632 2201 656 2233 n.
667 2192 698 2244 4,
737 2197 817 2246 prope
825 2180 941 2244 ponenda
950 2193 986 2229 est
996 2181 1134 2241 distinctio,
1148 2195 1176 2231 ut
1189 2184 1254 2232 dicat

188 2281 213 2317 et
221 2271 273 2327 111,
287 2269 318 2314 62
329 2302 336 2324 ,
348 2282 373 2312 n.
386 2265 410 2313 5.
742 2257 840 2319 Livius,
853 2277 940 2324 parum
949 2261 1060 2319 affixisse,
1077 2263 1137 2324 quin
1143 2263 1254 2311 AEmilius

222 2364 248 2395 a.
261 2346 329 2393 Utin
342 2361 417 2392 manu
429 2344 479 2408 ejus
489 2355 568 2392 essent
582 2342 653 2408 (vide
667 2341 698 2389 ad
742 2356 841 2403 quoque
852 2355 900 2387 una
913 2357 969 2388 cum
980 2341 1072 2404 collega
1086 2341 1254 2403 damnaretur;

185 2428 273 2486 V,ao,
282 2442 307 2472 n.
316 2424 340 2488 ι)
351 2422 450 2471 comitia
458 2422 569 2486 rogando
583 2421 697 2485 σοΙΙεςα),Ι
742 2419 806 2466 Dulr.
825 2419 873 2467 Sed
883 2436 962 2482 prope
976 2420 1098 2468 ambustus
1110 2421 1212 2480 dicitur,
1225 2434 1254 2470 ut

186 2505 244 2552 vide
257 2503 288 2550 ad
298 2505 351 2559 ΙΙΙ,
361 2502 434 2559 35,ιι.
448 2516 471 2559 ι,
482 2502 575 2559 etVII,
586 2499 696 2558 ι4,ιι.6.
740 2498 865 2546 semiustus
874 2515 927 2563 cap.
941 2496 992 2562 4ο.)
1007 2500 1097 2546 Confer
1108 2511 1132 2548 et
1142 2518 1196 2565 cap.
1206 2510 1252 2564 49,

221 2585 245 2630 3.
262 2584 290 2628 L.
309 2579 434 2627 AEmilium
446 2579 564 2635 Paulum,
587 2578 696 2642 quicum
741 2577 1252 2644 n.fi.IdemeLiviotraditSilVlILaSp

186 2664 221 2709 M.
236 2660 301 2708 Livio
315 2660 450 2707 Salinatore
468 2656 646 2722 cousulfiterat
656 2673 695 2704 an.
740 2672 791 2720 seq.
801 2674 853 2704 non
862 2673 937 2715 vero,
951 2660 1019 2720 qnod
1028 2659 1113 2717 sciam,
1125 2660 1253 2722 quisquam

186 2740 261 2788 Urbis
270 2739 335 2796 533,
357 2748 382 2784 et
395 2739 510 2784 universo
524 2737 624 2801 Illyrico
638 2737 696 2784 sub-
739 2737 921 2784 historicorum.
943 2739 1088 2802 Metapbora
1103 2739 1134 2784 ab
1146 2755 1189 2797 eo,
1209 2741 1252 2803 qui

184 2831 240 2868 acto
259 2815 456 2881 triumphaverat.
478 2817 569 2863 Confer
586 2816 618 2863 ad
638 2833 693 2880 cap.
739 2816 795 2880 igne
815 2817 853 2864 vel
873 2817 980 2864 fulmine
994 2818 1139 2881 corripitur,
1162 2819 1251 2878 ducta;

186 2900 217 2947 33
226 2934 233 2958 ,
242 2915 267 2944 n.
278 2914 292 2944 ι
303 2932 309 2956 ,
319 2907 343 2944 et
352 2896 439 2960 Polyb.
449 2897 500 2953 111,
510 2895 695 2958 16-19.Eidem
739 2896 819 2944 Gebb.
831 2897 872 2943 Sic
884 2909 908 2943 et
922 2897 1030 2952 amburi,
1047 2909 1071 2944 et
1080 2897 1191 2944 incendio
1206 2898 1252 2945 ati-

184 2968 251 3026 bello
262 2976 360 3024 affiaisse
373 2975 482 3030 Livium,
496 2973 569 3020 refert
578 2976 696 3031 Zonaras,
739 2969 808 3039 cujus
820 2975 895 3023 aduri
907 2976 971 3022 dixit
983 2976 1034 3023 Cic.
1044 2976 1099 3023 Mil.
1114 2977 1143 3034 5,
1157 2981 1214 3026 Har.
1220 2980 1252 3025 R.

185 3072 288 3119 eumque
312 3072 343 3103 ex
361 3053 455 3102 invidia
471 3053 597 3116 peculatus
615 3069 695 3112 reum,
741 3055 764 3112 5,
779 3066 804 3101 et
815 3054 847 3101 ad
857 3056 948 3113 ΑΗ,
963 3069 1005 3101 ao.
1018 3055 1089 3102 Nos:
1106 3071 1132 3100 cr
1144 3072 1197 3102 war
1209 3056 1254 3103 mit

185 3138 224 3184 vel
231 3136 263 3183 ob
275 3134 383 3199 praedam
391 3148 442 3180 non
453 3132 578 3195 aequaliter
592 3131 696 3179 divisam
739 3132 816 3181 einem
830 3133 917 3196 blattea
928 3135 998 3197 Auge
1005 3133 1085 3180 dauon
1093 3136 1234 3197 gelrommcn
1241 3153 1252 3191 ,¹

184 3216 318 3272 militibus,
337 3213 481 3260 damnatum
502 3211 592 3267 tuisse,
611 3213 695 3259 Aurel.
740 3213 832 3261 Stroth.
846 3212 961 3260 Similiter
970 3212 1032 3258 infra
1046 3214 1173 3272 XXXIX,
1185 3214 1214 3271 6,
1223 3231 1250 3260 n.

184 3294 297 3349 Victde
306 3293 361 3341 Vir.
374 3292 409 3338 ill.
423 3307 477 3355 cap.
488 3290 533 3348 50,
547 3302 571 3338 et
583 3292 694 3339 Frontin.
740 3293 770 3349 6,
782 3291 893 3338 incendio
907 3290 983 3337 alieni
984 3290 1076 3354 judicii
1080 3327 1087 3347 ,
1102 3308 1150 3354 quo
1163 3296 1190 3340 L.
1202 3293 1252 3339 Sci·

184 3375 257 3423 Strat.
271 3375 317 3429 IV,
333 3388 356 3429 1,
369 3388 394 3419 n.
407 3371 447 3426 45.
463 3371 500 3419 Cf.
513 3371 575 3417 infra
582 3372 695 3430 XXVII,
734 3370 780 3434 pio
794 3371 926 3417 damnatus
941 3381 1006 3426 erat,
1030 3371 1197 3438 corfiagrare,
1218 3373 1251 3419 ob

187 3455 237 3513 343
249 3453 355 3508 XXIX,
368 3450 414 3509 37,
431 3449 474 3496 sil.
488 3451 546 3508 XV,
565 3450 615 3512 594
626 3466 676 3513 seq.
688 3466 695 3508 ;
739 3449 848 3496 eamdem
858 3448 975 3495 invidiam
985 3460 1008 3495 et
1017 3451 1253 3514 suspicionemdam-

185 3532 255 3597 Pigb.
270 3534 336 3579 Anu.
350 3529 382 3576 ad
394 3545 450 3576 ann.
464 3529 522 3584 534.
540 3530 577 3576 Ex
592 3531 695 3588 XXIX,
739 3531 801 3576 nari
813 3527 1104 3588 contestaturum,
1115 3533 1179 3589 n.3;
1192 3533 1252 3589 XL,

187 3613 231 3673 37,
241 3610 326 3659 etVal.
336 3610 403 3656 Max.
413 3609 458 3665 IV,
469 3623 497 3666 a,
508 3623 533 3654 n.
542 3623 569 3665 2,
580 3607 697 3670 intelligi·
743 3609 789 3667 15,
803 3625 827 3655 ιι.
841 3608 872 3669 5;
886 3609 964 3655 Gron.
979 3608 1057 3656 Diatr.
1066 3611 1093 3655 in
1105 3612 1165 3657 Stat.
1175 3627 1197 3656 c.
1209 3613 1250 3657 33.

185 3703 233 3749 tur,
241 3707 296 3738 eum
304 3686 410 3737 Neronis
418 3686 478 3735 odio
488 3686 612 3733 ardentem
620 3687 647 3732 in
656 3703 695 3734 ex·
739 3714 775 3722 —
789 3684 932 3734 Gebbardus
947 3686 1038 3749 optime
1051 3700 1122 3736 notat
1135 3689 1184 3735 huc
1198 3705 1251 3751 per·

184 3770 265 3816 silium
273 3755 423 3832 profectum,
433 3782 484 3813 esse
494 3766 634 3813 testimonio
639 3766 695 3828 ,eius
739 3765 817 3813 tInere
824 3765 934 3812 festivam
940 3767 1104 3814 narrationem
1112 3766 1249 3825 Strabonis,

184 3848 307 3912 praecipue
316 3847 448 3908 afflictum:
462 3844 492 3892 de
503 3846 591 3910 quibus
602 3847 694 3894 acerbis
737 3846 754 3891 l.
762 3847 834 3903 XIV,
844 3844 875 3892 de
883 3845 1059 3904 Athenodoro,
1068 3863 1081 3893 a
1091 3861 1141 3909 quo
1151 3846 1250 3894 civitate
1303 3888 1309 3896 .

184 3928 248 3973 inter
265 3928 301 3972 M.
317 3926 412 3973 Livium
424 3936 448 3972 et
464 3925 492 3972 C.
507 3910 634 3973 Claudium
644 3925 693 3972 Ne·
718 3932 721 3946 ¹
737 3924 828 3984 ejectus
839 3924 885 3971 fuit
894 3924 1003 3972 Bo'e'thus
1015 3941 1070 3972 cum
1081 3926 1139 3973 suls.
1150 3927 1196 3975 Eu.

185 4021 270 4052 ronem
280 4004 336 4070 (qur
344 4015 429 4069 postea
438 4003 508 4050 simul
518 4003 630 4051 consules
639 4021 694 4051 cen·
773 4011 797 4059 4.
819 4004 938 4068 Infestum
951 4005 1044 4068 plebei,
1068 4005 1147 4069 plebi,
1167 4007 1249 4054 diu...

184 4081 399 4148 soresquefuere)
428 4081 584 4142 inimicitiis,
610 4083 695 4129 confer
737 4083 872 4145 compellit,
892 4086 976 4133 eadem
992 4086 1022 4132 de
1034 4085 1104 4134 Livio
1120 4085 1250 4135 traduntur
