2782 4568
151 295 178 334 Α.
193 263 276 330 Glari.

153 351 276 396 m,
374 282 524 375 mum
548 306 651 373 xxi.
679 304 791 379 etr„
812 305 925 374 ivis.
1116 307 1183 378 115

126 432 179 501 acl
197 436 359 500 Ticinum
377 433 487 505 victo,
505 424 615 494 altero
632 450 678 492 ex
699 422 822 495 Sicilia
844 439 1021 504 revocato,
1037 424 1181 500 duobus

127 540 352 623 consulibus,
382 535 524 604 duobus
550 533 797 603 consularibus
822 533 1035 603 exercitibus
1059 541 1179 626 victu,

127 674 218 749 quos
232 650 320 717 alios
333 647 458 729 daces,
474 670 564 740 quas
580 644 674 712 alias
692 642 847 737 legiones
864 668 952 729 esse,
970 668 1054 739 quoe
1072 669 1183 716 arces·

126 760 275 830 santur?
298 764 350 826 lta
373 757 505 824 territis
523 755 757 851 Sempronius
776 753 903 823 consul
925 752 1069 823 advenit
1078 750 1104 841 3,
1129 755 1186 824 in·

128 872 226 964 genti
247 867 408 964 periculo
428 892 492 963 per
507 865 638 937 effusos
658 867 786 962 passim
807 867 850 935 ad
867 861 1100 962 prtedandum
1119 867 1185 938 ho·

128 980 236 1049 stium
251 979 390 1073 equites
411 974 572 1072 laudacia
590 981 718 1071 magis,
739 1000 846 1073 quam
867 975 1016 1046 consilio
1039 991 1101 1045 aut
1125 1001 1188 1074 spe

129 1087 274 1159 fallendi
295 1088 545 1175 resistendive,
564 1088 592 1156 si
612 1111 684 1155 nim
703 1084 858 1173 falleret)
878 1101 1126 1180 transgressus.
1144 1086 1187 1157 Id

130 1197 231 1292 quod
250 1222 361 1266 unum
376 1199 529 1266 maxime
548 1199 586 1264 in
605 1197 791 1291 prasentia
809 1194 1081 1266 desiderabatur
1088 1199 1115 1280 4,
1131 1222 1187 1269 co·

130 1308 238 1376 mitiis
261 1306 510 1377 consularibus
531 1305 679 1392 habitis,
697 1307 733 1374 in
757 1304 907 1375 hiberna
928 1305 1045 1375 rediit.
1068 1310 1187 1378 Creati
1260 1398 1263 1403 ἱ

131 1418 296 1486 consules
313 1422 378 1487 Cu.
398 1410 575 1487 Servilius
585 1432 621 1486 et
643 1420 681 1485 C.
702 1416 893 1486 Flaminius
902 1412 924 1485 ⁵.
947 1420 1124 1486 Caeterum
1141 1424 1187 1490 ire

95 1513 98 1516 ’
129 1526 284 1597 hiberna
315 1528 459 1622 quidem
486 1530 654 1598 Romanis
682 1530 802 1623 quieta
824 1541 946 1615 eraut,
976 1527 1188 1623 vagantibus

130 1639 263 1734 passim
282 1639 446 1709 Numidis
472 1635 687 1734 equitibus⁶‚
711 1653 763 1726 et,
789 1663 861 1734 qua
883 1639 937 1708 his
961 1641 1190 1736 impeditiora

129 1761 251 1829 erant,
278 1747 463 1818 Celtiberis
486 1750 737 1844 Lusitanisque
763 1776 769 1817 :
800 1771 926 1816 omnes
948 1749 1057 1844 igitur
1077 1749 1190 1820 clausi

129 1856 294 1951 undique
310 1873 529 1928 commeatus
544 1873 664 1949 erant,
680 1859 747 1927 nisi
768 1881 860 1952 quos
874 1856 969 1926 Pado
979 1879 1087 1928 naves
1104 1857 1192 1929 sub-

116 1966 313 2036 veherent.
330 1970 539 2065 Emporium
552 1992 666 2065 prope
680 1968 894 2038 Placentiam
910 1966 977 2037 fuit
988 1978 1013 2053 ⁷,
1028 1982 1072 2037 et‘
1082 1994 1191 2065 opere

130 2081 262 2173 magno
284 2081 485 2166 munitum,
508 2094 544 2149 et
562 2078 682 2149 valido
701 2077 882 2147 firmatum
905 2078 1082 2174 praesidio.
1104 2080 1191 2171 Ejus

135 2306 185 2354 h.l.
196 2310 288 2364 oratio,
300 2310 346 2357 etsi
356 2304 390 2356 τὰ
398 2307 464 2353 victo
472 2317 497 2353 et
503 2305 575 2353 victis
584 2322 640 2354 con·
684 2305 745 2351 tibus
752 2340 760 2362 ,
781 2315 818 2358 et,
840 2319 891 2365 qua
901 2313 984 2366 purte,
1002 2304 1059 2362 ubi,
1072 2304 1108 2352 lis
1119 2305 1192 2371 impe·

135 2397 237 2445 coquam
250 2384 306 2429 vide
316 2386 347 2429 sd
355 2390 380 2439 I,
395 2387 422 2440 3,
433 2399 457 2428 n.
467 2385 491 2428 8.
504 2386 574 2428 Forte
584 2398 639 2428 cum
683 2383 774 2428 ditiora
785 2393 856 2427 erant
865 2382 933 2438 locu,
944 2381 984 2428 ubi
992 2382 1104 2431 Numidae
1111 2387 1193 2449 vagari

134 2463 210 2509 Grou.
228 2462 275 2524 leg.
294 2464 345 2506 Uno
359 2461 455 2506 consule
468 2460 504 2506 ad
518 2459 637 2515 Ticinum,

135 2539 226 2596 altero,
248 2556 280 2587 ex
292 2539 375 2585 Sicilia
392 2548 515 2592 revocato,
534 2538 570 2583 nd
585 2540 639 2584 Tre·

134 2617 212 2675 biam,
226 2635 280 2664 cum
291 2617 383 2664 duobus
395 2616 560 2662 consularibus
571 2632 639 2662 exer-

133 2695 232 2750 citibus,
248 2696 325 2743 victis
347 2696 435 2742 Saltem
452 2694 523 2741 verbu
536 2695 572 2740 ad
583 2697 639 2740 Tre·

133 2773 200 2821 biam
211 2774 327 2821 excidisse
342 2774 463 2820 videntur.

170 2853 194 2898 3.
207 2850 356 2914 Sempronius
367 2853 451 2899 consul
461 2849 569 2906 advenit,
592 2861 636 2897 etc.

131 2931 167 2978 At
176 2929 264 2993 Polyb.
278 2933 329 2989 111,
345 2932 391 2991 75,
406 2931 493 2986 tradit,
509 2945 563 2975 eum
577 2945 638 2975 nun·

130 3010 180 3056 tios
191 3010 284 3056 misisse
293 3012 408 3066 Romam,
417 3021 440 3056 et
449 3009 639 3072 magnitudinem

130 3089 206 3136 eladis
220 3091 334 3137 elevasse.
347 3092 383 3136 De
399 3089 525 3136 itineribus
542 3103 640 3150 quoque

130 3155 274 3216 Hannibalis
293 3180 350 3233 post
366 3185 471 3232 pugnam
484 3167 515 3214 sd
528 3166 640 3227 Trebiam

130 3262 181 3294 non
191 3250 275 3296 eadem
285 3249 389 3295 scribere
398 3248 492 3295 Livium
499 3263 552 3308 cup.
564 3247 594 3304 57
602 3261 638 3307 sq.

131 3328 257 3386 etXXlI²
267 3344 277 3373 1
286 3362 293 3386 ‚
303 3343 317 3374 2
328 3344 334 3386 3
346 3327 476 3392 Polybium
486 3328 535 3381 ΙΙΙ,
547 3340 577 3383 77
589 3340 639 3386 sq„

130 3415 156 3452 et
165 3406 256 3470 Nepet.
267 3409 348 3454 Hanu.
358 3408 402 3463 tv,
410 3408 459 3466 jam
469 3405 564 3452 monuit
575 3403 638 3450 uuk.

166 3493 189 3539 t.
204 3485 311 3532 Comitiis
324 3486 488 3532 consularibus
499 3483 599 3538 labilis,
613 3482 641 3529 id

130 3562 199 3624 quod
219 3579 292 3610 unum
317 3563 424 3610 manime
447 3561 637 3610 desiderabatur.

129 3638 188 3687 Non
206 3643 268 3690 male
284 3643 361 3690 Gron.
380 3644 444 3702 conj.
464 3653 638 3705 transgressum

129 3729 167 3775 et,
182 3721 251 3783 quod
262 3738 349 3777 unum,
364 3733 410 3769 etc.

166 3797 191 3843 5.
208 3801 241 3846 Et
255 3801 281 3848 C.
293 3800 425 3847 Flaminius
437 3801 466 3846 Il
480 3799 542 3846 forte
556 3798 637 3861 legen-

129 3873 188 3922 dum
202 3891 209 3925 ε
224 3890 288 3926 certe
300 3882 349 3939 jum
363 3894 428 3926 anno
436 3877 509 3924 Urbis
524 3878 574 3939 529
583 3893 639 3924 con-

128 3954 168 4001 sul
177 3955 263 4005 luerat.
278 3958 369 4005 Confer
377 3957 409 4004 ad
423 3973 475 4020 cap.
489 3957 535 4013 63,
548 3973 575 4004 n.
590 3958 613 4004 3.

166 4034 191 4079 6.
203 4034 568 4102 VagantilnspassimNumidis
577 4033 641 4099 equi·

684 2459 717 2506 ob
730 2460 883 2522 asperitatem
895 2459 1005 2506 locorum
1018 2477 1068 2507 non
1080 2475 1193 2528 possent,

686 2537 806 2584 Celtiberis
821 2538 989 2600 Lusitanisque
1009 2557 1018 2586 .·
1039 2556 1095 2588 nam
1111 2544 1192 2591 Livius

684 2617 772 2672 XXII,
788 2616 832 2673 18,
847 2616 921 2674 dicit,
933 2618 1056 2682 Hispanos
1075 2622 1192 2670 assuetio-

683 2710 719 2740 res
727 2695 844 2740 montibus
852 2710 913 2749 esse,
926 2696 995 2742 etad
999 2701 1192 2749 concursandum

683 2766 745 2818 inter
754 2788 819 2818 saxa
830 2788 947 2835 rupesque
959 2777 1064 2838 aptiores
1074 2795 1105 2824 aa
1118 2779 1192 2828 ¹leuiu-

681 2867 731 2905 res,
748 2867 820 2913 quum
838 2851 965 2898 uelocitate
980 2869 1121 2917 corporum,
1140 2870 1191 2906 tum

683 2945 805 2976 armorum
820 2920 903 2976 liabitu
923 2930 964 2992 (ut
976 2933 1042 2994 apud
1053 2935 1191 2983 Platorem:

683 3014 730 3058 τῶν
746 3005 877 3077 ὀρειὲατιῖν
892 3003 976 3061 δεινῶν
993 3001 1082 3079 levipes-s
1102 3009 1192 3080 ἄνθραξ

684 3087 779 3156 ἐλαφροὶ
793 3088 834 3138 καὶ
852 3082 997 3150 nolentum
1018 3104 1043 3138 et
1058 3095 1190 3152 XXVIII,

687 3182 713 3223 1,
721 3169 840 3230 pleraque
851 3169 978 3229 Hispania
987 3184 1035 3215 esse
1049 3170 1191 3232 asperitates
1230 3218 1235 3229 ,

683 3245 782 3291 viarum
801 3256 825 3290 et
842 3245 966 3307 angustias
984 3246 1084 3292 saltibus
1102 3248 1191 3296 crebris

684 3324 803 3378 inclusas,¹
818 3323 895 3369 Gron.

719 3417 742 3460 7.
749 3399 889 3463 Emporium
894 3416 970 3464 prope
977 3402 1127 3449 Placentiam
1126 3404 1188 3467 jut't,

683 3480 811 3548 ἐμπόριον,
824 3483 909 3530 locus.
922 3481 965 3529 nbi
974 3495 1109 3532 mercatura
1120 3501 1191 3533 exer·

683 3561 795 3618 cebatur,
816 3570 841 3607 et
859 3559 929 3606 simul
950 3561 1190 3625 castellum...opere

683 3656 771 3705 magno
789 3639 919 3695 munitum,
941 3639 1018 3684 multo
1037 3639 1139 3687 labore:
1152 3638 1192 3687 vel

683 3720 764 3782 potius
783 3734 842 3781 opus
864 3728 899 3764 est
921 3732 993 3763 omne
1012 3719 1189 3767 munimentum

681 3809 732 3845 arte
744 3798 846 3852 factum,
862 3795 1023 3850 visbicensi,
1035 3813 1129 3855 murus,
1141 3798 1189 3845 fos·

682 3893 720 3933 sa,
729 3876 830 3933 vallum,
844 3885 903 3930 etc.;
914 3886 941 3921 ut
952 3876 1051 3934 XXXI,
1066 3881 1111 3939 39,
1122 3889 1146 3924 et
1155 3877 1187 3927 al,

682 3982 718 3993 -·
727 3955 761 4000 Et
773 3953 858 4000 valido
864 3953 994 4020 firmatum
1000 3957 1129 4016 prasidio,
1142 3958 1190 4003 boc

684 4043 735 4093 est,
745 4031 840 4082 firmum
850 4027 983 4097 tutumque
988 4034 1122 4095 redditum,
1130 4045 1157 4082 ut
1164 4036 1191 4110 Ι,

980 4118 1018 4187 8.
