2782 4568
187 257 309 363 32523333
387 280 549 364 cinna
574 279 681 345 xxi.
710 280 818 345 cle.
846 281 993 346 xxxi
1174 283 1215 352 61

163 400 310 470 diversis
327 424 368 469 ex
377 398 527 496 Alpibus
538 401 553 448 t
563 399 811 485 decurrentes,
826 401 900 496 agri
918 399 1140 494 aliquantum
1155 427 1222 472 am·

163 509 276 604 plexi,
294 508 483 579 confluunt
499 510 535 578 in
550 533 683 577 unum:
702 507 787 577 inde
804 508 930 579 mediis
947 511 1079 605 campis
1093 512 1221 582 Insulae

162 643 296 689 nornen
307 619 474 689 inditum.
487 619 654 689 Incolunt
669 642 781 714 prope
793 617 1005 718 Allobroges
1015 615 1039 706 ⁵,
1052 644 1139 715 gens
1149 621 1220 713 jam

160 727 244 820 inde
261 728 359 799 nulla
374 729 497 825 gallica
513 742 619 824 gente
634 725 766 823 opibus
782 741 843 796 aut
857 725 949 797 fama
965 726 1129 813 inferior;
1145 742 1221 797 tum

161 835 294 908 discors
306 853 396 908 erat:
411 840 513 934 regni
525 838 718 907 certamine
735 832 988 932 ambigebant6
999 834 1124 906 fratres
1135 864 1142 904 :
1154 861 1224 905 ma-

159 947 227 1039 jor,
244 962 279 1017 et
290 950 354 1043 qui
365 951 464 1045 prius
478 948 717 1044 imperitaret,
730 950 888 1014 Braneus
901 947 1065 1032 nomine,
1079 947 1221 1016 minore

161 1056 205 1124 ab
224 1055 332 1127 fratre
353 1072 389 1127 et
410 1071 507 1127 coetu
523 1057 731 1149 juniorum,
750 1054 813 1148 qui
831 1054 911 1146 jure
931 1054 1068 1138 minus,
1087 1054 1122 1121 vi
1141 1054 1222 1150 plus

161 1183 347 1263 poterant,
365 1165 575 1262 pellebatur.
602 1164 717 1258 Hujus
742 1163 926 1233 seditionis
948 1178 1223 1259 peropportuna

160 1279 369 1376 disceptatio
384 1301 500 1374 quum
516 1274 560 1343 ad
577 1272 984 1366 Hannibalemxrejecta7
1002 1288 1110 1360 esset,
1127 1272 1221 1343 arbi-

160 1403 214 1457 ter
230 1390 333 1483 regni
351 1385 483 1472 factus,
503 1384 601 1480 quod
621 1409 661 1454 ca
679 1399 823 1454 senatus
841 1383 1120 1479 principumque
1139 1408 1224 1453 sen-

158 1498 272 1566 tentia
290 1495 424 1583 fuerat,
438 1496 628 1590 imperium
648 1493 774 1587 majori
793 1493 960 1562 restituit.
980 1492 1036 1563 Ob
1056 1493 1093 1562 id
1115 1497 1223 1565 meri·

158 1620 240 1675 tum
267 1619 470 1676 commeatu
500 1605 676 1699 copiaque
706 1627 827 1672 rerum
854 1603 1040 1691 omnium,
1061 1606 1222 1676 ‘maxime

157 1714 284 1798 vestis,
313 1727 367 1783 est
393 1711 553 1806 adjutus,
581 1735 689 1806 quam
717 1709 867 1781 infames
898 1710 1093 1809 frigoribus
1116 1715 1223 1812 Alpes

159 1823 353 1920 praeparari
364 1819 551 1919 cogebant.
565 1819 701 1890 Sedatis
713 1819 967 1890 certaminibus
975 1820 1223 1920 Allobrogum,

161 2053 186 2088 et
195 2042 225 2088 ab
235 2043 329 2089 oriente
338 2040 443 2104 Alpibus
453 2040 534 2087 cincta
543 2039 582 2086 sit.
593 2040 670 2086 Iidem
714 2055 789 2095 nera,
800 2040 889 2087 Cularo
902 2039 936 2105 (tr.
950 2040 1078 2103 Grenoble)
1088 2052 1112 2088 et
1118 2042 1222 2089 Vienna.

159 2121 207 2166 viri
221 2119 288 2168 docti
299 2120 381 2184 plures
395 2118 566 2174 difficultates,
582 2118 671 2181 quibus
717 2118 906 2179 Gens...gente,
925 2117 980 2163 vide
992 2123 1018 2174 1,
1034 2120 1063 2175 3,
1080 2129 1132 2165 not.
1151 2121 1174 2166 8.
1187 2148 1223 2157 --

160 2199 266 2246 narratio
281 2194 334 2244 tiv.
344 2199 371 2244 in
384 2198 432 2245 boc
448 2210 473 2245 et
486 2215 536 2260 seq.
549 2214 602 2261 cap.
616 2213 669 2260 pre·
714 2199 772 2242 Iam
781 2195 849 2252 inde,
858 2198 908 2255 jam
918 2207 981 2255 tutu,
991 2209 1017 2244 ut
1027 2201 1050 2257 I,
1062 2213 1091 2254 a,
1103 2209 1127 2244 et
1136 2201 1187 2256 III,
1197 2216 1221 2245 n.

160 2278 241 2334 mitur,
251 2293 375 2324 removere
387 2277 468 2324 conati
479 2287 543 2323 sunt.
717 2274 757 2320 36.
771 2277 808 2320 Ita
829 2274 920 2322 Stroth.
935 2291 1078 2338 perperam,
1098 2277 1125 2322 ni
1142 2277 1224 2336 fallor,

196 2365 220 2410 t.
234 2355 337 2403 Diversis
350 2372 383 2401 ex
394 2355 510 2418 Alpibus,
525 2371 556 2401 ex
570 2354 671 2401 diversis
715 2354 786 2417 impr.
800 2353 825 2400 h.
842 2352 858 2398 l.
872 2353 905 2400 ob
918 2354 992 2400 verbe
1005 2371 1055 2417 seq.
1070 2367 1119 2402 tum
1134 2356 1224 2404 discors

161 2434 261 2497 Alpium
286 2435 415 2498 partibus,
437 2434 587 2479 decurrentes
614 2448 671 2479 con·
715 2443 775 2479 erat.
789 2435 858 2478 Forte
867 2431 914 2494 leg.
919 2432 976 2496 jam
985 2433 1027 2479 din
1033 2434 1091 2490 ,vel
1102 2434 1159 2481 inde
1168 2436 1223 2482 loco

153 2511 239 2578 fluunt
251 2512 276 2558 in
291 2529 365 2558 arnum
380 2512 461 2558 locum
476 2527 483 2558 z
499 2528 552 2574 quae
567 2510 670 2558 divortia
715 2522 821 2567 motum,
834 2523 859 2558 et
874 2528 946 2574 supra
960 2522 1016 2558 ante
1030 2513 1113 2560 mediis
1128 2530 1223 2577 ponen-

163 2590 238 2654 (forte
251 2591 360 2637 devortier
368 2609 378 2647 ;
390 2591 447 2637 vide
461 2591 491 2636 ad
505 2593 532 2648 I,
548 2590 593 2646 51,
607 2606 631 2635 n.
644 2587 671 2653 a)
716 2589 782 2636 dum.
794 2591 884 2639 Confer
894 2601 946 2637 not.
960 2599 984 2644 t.

163 2685 283 2732 aquarum
289 2670 403 2717 dicuntur
409 2670 565 2725 XXXVIII,
575 2668 616 2721 45.
627 2670 671 2714 Ju·
750 2670 774 2716 6.
790 2669 866 2733 Regni
878 2670 1009 2716 certamine
1018 2670 1173 2734 antbigebant
1184 2671 1225 2735 (ut

164 2763 222 2811 gum
234 2748 334 2806 montis,
343 2765 385 2796 seu
398 2749 453 2795 fons
465 2762 582 2810 aquarum
592 2745 671 2791 flumi·
715 2747 746 2794 de
754 2764 827 2812 regno
839 2749 971 2812 ambigere,
984 2749 1009 2795 h.
1020 2765 1041 2796 e.
1052 2762 1156 2808 certare,
1165 2752 1223 2807 XL,

163 2841 285 2888 numque,
300 2843 351 2888 quae
368 2827 426 2873 inde
439 2824 591 2872 decurrentia
609 2823 671 2869 divi·
718 2826 758 2884 15,
772 2843 796 2872 n.
810 2827 838 2884 33
852 2827 937 2873 confer
948 2827 979 2873 ad
991 2829 1068 2884 XXI,
1084 2844 1128 2886 10,
1139 2846 1164 2874 n.
1180 2846 1224 2885 11,

164 2904 256 2951 duntur
267 2904 291 2950 in
301 2905 406 2952 brachia.
419 2903 535 2952 Similiter
544 2901 672 2949 divortium
715 2915 739 2951 ct
749 2906 859 2962 XXXV,
870 2905 916 2962 33,
925 2922 950 2952 n.
959 2903 994 2966 a.)
1004 2907 1113 2961 Fratres,
1125 2918 1170 2953 etc.
1177 2925 1184 2963 ;
1192 2909 1224 2954 ef.

163 2983 274 3030 itinerum
284 2985 373 3041 XLIV,
384 2999 398 3029 a
408 3018 415 3042 ,
425 3000 451 3030 n.
462 2990 486 3037 t.
497 2982 587 3029 Confer
596 2980 671 3026 Drak.
716 2982 803 3046 Polyb.
816 2985 869 3039 III,
882 2991 914 3045 49
924 3017 930 3040 ,
940 3000 964 3031 n.
977 2985 1017 3030 50.
1030 2984 1076 3030 Ubi
1088 2984 1223 3046 SchweIgh.

162 3062 193 3109 ad
204 3064 355 3119 XXXVIII,
368 3063 400 3117 45
409 3097 416 3119 ‚
429 3079 454 3108 n.
471 3062 499 3117 33
514 3059 627 3106 Oudend.
641 3058 672 3105 ad
713 3061 762 3118 jam
771 3062 879 3118 monuit,
890 3061 1021 3124 Polybium
1030 3061 1087 3108 satis
1097 3061 1185 3108 diserte
1195 3062 1225 3108 ab

161 3142 220 3188 Luc.
228 3143 265 3198 II,
281 3148 344 3198 tot,;
357 3140 435 3188 Cerdo
448 3139 479 3185 ad
487 3139 557 3201 Virg.
565 3140 617 3184 AEn.
626 3138 672 3194 IX,
716 3138 891 3201 Allobrogibus
898 3155 939 3185 eos
947 3139 1095 3200 distinguere
1103 3155 1110 3195 ;
1119 3139 1185 3187 credi
1194 3152 1226 3187 ta·

163 3220 226 3280 3795
240 3221 336 3266 Manut.
355 3219 387 3266 ad
404 3220 455 3266 Cic.
473 3217 505 3263 ad
518 3207 613 3274 AttV,
631 3232 672 3262 ao.
716 3232 773 3263 men
784 3231 871 3278 posse,
888 3216 966 3263 varias
979 3217 1053 3263 fuisse
1064 3216 1226 3282 Allobrogum

162 3300 230 3344 Arar
241 3313 272 3342 ex
282 3298 380 3359 Vogcso
398 3297 492 3352 oritur,
505 3311 559 3358 quae
572 3294 673 3358 Alpium
718 3305 809 3356 gentes.
822 3293 884 3339 Mox
897 3305 998 3356 poterat
1011 3294 1037 3340 in
1052 3295 1166 3342 omnibus
1176 3291 1225 3344 fere

162 3390 217 3438 pars
235 3375 345 3422 babetur.
360 3376 451 3423 Confer
463 3374 540 3421 Strah.
557 3375 602 3431 IV,
617 3372 672 3419 186.
716 3372 779 3418 MSS
793 3371 954 3433 omnibusque
966 3371 1021 3418 edd.
1033 3384 1089 3420 ante
1100 3375 1224 3424 Drakenb.

162 3478 196 3488 —-
203 3452 266 3517 Agri
271 3453 438 3516 aliquantum,
447 3454 477 3499 al.
485 3453 673 3516 aliquantulum.
717 3450 789 3516 prob.
800 3449 890 3497 stroth.
901 3461 927 3496 ut
939 3451 970 3496 ad
979 3451 1095 3498 remotius
1097 3451 1181 3517 fratre
1192 3472 1227 3501 re.-

164 3530 252 3578 Confer
260 3531 292 3578 ad
303 3533 342 3588 II,
354 3534 401 3592 39,
412 3549 437 3578 n.
451 3547 472 3578 1.
482 3532 544 3577 Mox
554 3531 609 3576 inde
619 3541 674 3576 ante
719 3531 816 3578 feratur.
828 3530 919 3577 Confer
932 3530 964 3576 ad
976 3531 1029 3591 III,
1039 3545 1084 3588 72,
1098 3547 1121 3577 n.
1133 3534 1155 3579 li.

163 3609 245 3657 mediis
266 3611 359 3656 inserui
383 3621 483 3656 auctore
507 3611 558 3656 Jac.
581 3613 672 3665 Gron,
755 3625 777 3667 7.
796 3608 944 3672 Disceptatio
963 3609 999 3655 ad
1013 3609 1176 3656 Hannibalem
1190 3628 1227 3658 re-

164 3689 217 3750 quie
229 3689 255 3735 in
268 3689 352 3735 multis
366 3691 428 3735 MSS
442 3699 478 3734 est
491 3687 515 3733 in
529 3688 621 3735 mediis.
716 3688 782 3755 jecta
786 3707 796 3743 ;
811 3687 867 3734 vide
878 3686 909 3733 ad
923 3690 962 3745 II,
978 3703 1024 3744 22,
1038 3705 1063 3735 n.
1076 3695 1098 3742 A.
1110 3716 1144 3724 -
1157 3691 1230 3751 Quod

199 3767 220 3812 5.
234 3767 349 3814 Incolunt
358 3783 436 3830 prope
445 3766 521 3830 (conf.
533 3766 563 3811 ad
575 3769 601 3823 Ι,
617 3782 638 3822 1,
649 3783 674 3811 n.
721 3781 750 3811 ea
766 3777 843 3812 senat.
862 3777 921 3812 sent.
935 3765 1027 3828 fuerat.
1048 3768 1112 3814 Ante
1130 3773 1227 3819 Grono-

166 3843 190 3907 3)
200 3845 355 3909 Allobroges,
369 3844 476 3909 populus
486 3843 571 3893 Galliae
580 3845 677 3891 Narbo·
722 3844 788 3891 rium
806 3843 931 3906 legebatur
951 3859 957 3892 :
977 3844 1045 3908 quod
1063 3858 1116 3893 erat
1132 3862 1228 3896 serratas

167 3924 285 3983 nensis,a
297 3924 351 3970 lacu
358 3925 464 3969 Lemano
472 3921 503 3969 ad
513 3925 603 3968 Isaram
612 3922 679 3969 nho-
721 3921 839 3969 sententia
850 3921 985 3986 fitturum,·
1001 3923 1044 3970 sed
1060 3925 1105 3972 ille
1117 3943 1148 3974 ex
1164 3928 1229 3991 opti·

167 4001 221 4050 dani
236 4002 337 4062 accola,
354 4003 424 4062 cujus
439 4001 531 4065 oppida
547 4012 614 4050 erant
631 4001 678 4046 Ge·
723 4016 818 4046 morum
832 4000 905 4049 codd.
921 4003 1063 4050 auctoritate
1079 4017 1186 4054 nostram
1198 4006 1231 4051 le-
