2782 4568
168 312 238 397 340
291 316 297 327 ·
591 310 629 374 r.
662 309 802 375 Livu
1050 288 1141 399 ,itii
1157 286 1209 401 333:

166 434 270 533 panis
285 429 414 526 legatio
432 449 566 524 paucos
583 440 665 496 ante
680 426 756 496 dies
769 425 941 510 venisset,
956 438 991 494 et
1003 422 1093 520 quid
1104 426 1148 496 iis
1163 428 1238 525 ipsi

166 540 461 639 respondissent,
479 535 640 606 triduum
660 551 743 634 post
762 559 846 606 eum
866 533 960 605 diem
976 533 1107 607 festum
1125 561 1233 609 esse:

160 678 241 724 non
260 663 424 723 senatum
448 646 565 717 solum
584 671 731 718 omnem
753 644 803 716 ibi
823 643 1007 734 futurum,
1026 644 1089 717 sed
1112 662 1235 719 castra

166 765 274 835 etiam
294 775 329 831 et
351 758 546 830 exercitum
570 781 796 855 campanum.
817 755 1015 844 Gracchus,
1029 756 1138 850 jussis
1154 760 1232 828 Cu·.

166 871 282 942 manis
296 869 418 939 omnia
436 892 481 938 ex
494 868 585 963 agris
600 868 636 936 in
652 865 780 938 urbem
790 865 1014 953 convehere,
1032 880 1067 936 et
1079 890 1232 941 manere

164 984 258 1052 intra
268 1003 404 1066 muros,
414 979 490 1074 ipse
501 977 628 1074 pridie,
638 1001 749 1073 quam
759 991 890 1055 statum
902 974 1113 1047 sacrificium
1124 980 1230 1047 Gam-

163 1092 267 1189 panis
281 1102 391 1176 esset,
409 1090 541 1158 Cumas
552 1102 673 1158 movet
686 1101 800 1158 castra
818 1115 826 1157 ε
842 1092 963 1157 Hamae
975 1085 1060 1157 inde
1074 1087 1143 1158 tria
1152 1088 1231 1160 mil·

162 1199 210 1270 lia
230 1222 401 1298 passuum
427 1195 569 1269 absunt.
592 1204 669 1269 Jam
693 1198 867 1293 Campani
888 1221 932 1267 eo
952 1194 1161 1292 frequentes
1182 1222 1230 1268 ex

164 1311 366 1408 composito
388 1321 656 1391 convenerant,
680 1331 747 1378 nec
768 1305 895 1404 procul
918 1304 1002 1376 inde
1021 1307 1058 1376 in
1081 1305 1229 1379 occulto

161 1421 295 1492 Marius
308 1417 418 1489 Alfius
431 1417 702 1490 medixtuticus'
724 1417 897 1510 (summus
911 1416 1137 1519 magistratus
1151 1431 1229 1489 erat

165 1530 371 1626 Campanis)
382 1552 465 1600 cum
480 1527 754 1625 quatuordecim
766 1526 923 1597 millibus
935 1539 1156 1597 armatorum
1167 1526 1229 1598 ha·

161 1634 1228 1736 bebatcastra,sacrificioapparand0,etinteridinstruendae
1278 1731 1281 1738 .

163 1747 281 1819 fraudi
292 1748 476 1842 aliquanto
489 1749 673 1834 intentior,
682 1772 791 1843 quam
805 1745 1010 1816 muniendis
1020 1747 1156 1833 castris,
1164 1760 1228 1818 aut

163 1857 229 1927 ulli
247 1855 391 1926 militari
412 1857 522 1953 operi.
539 1857 715 1927 Triduum
736 1855 972 1929 sacrificatum
989 1852 1056 1927 ad⁸
1073 1861 1226 1928 Hamas:
1242 1943 1245 1949 Ι

163 1978 384 2035 nocturnum
403 1979 479 2035 erat
501 1990 659 2053 sacrum,
679 1967 728 2035 ita
745 1981 786 2035 ut
805 1981 888 2037 ante
905 1964 1058 2035 mediam
1079 1980 1227 2038 noctem

162 2074 416 2172 compleretur.
450 2076 542 2145 Huic
567 2076 751 2147 Gracchus
779 2075 1048 2147 insidiandum⁹
1069 2079 1227 2175 tempori

160 2197 277 2272 ratus,
296 2181 506 2254 custodibus
521 2183 563 2254 ad
581 2199 703 2280 portas
719 2183 861 2279 positis,
878 2187 1020 2280 nequis
1035 2188 1227 2258 enuntiare
1254 2208 1265 2233 ⁰

159 2308 280 2392 posset
295 2307 432 2389 coepta,
446 2307 481 2362 et
497 2292 542 2363 ab
558 2292 696 2363 decima
713 2291 784 2362 diei
801 2292 889 2361 hora
905 2296 1036 2364 coactis
1049 2292 1227 2365 militibus

159 2428 311 2501 corpora
320 2428 458 2495 curare,
471 2428 673 2500 somnoque
683 2427 832 2500 operam
839 2402 936 2491 dare,
946 2419 986 2475 ut
997 2405 1121 2502 primis
1132 2420 1227 2477 tene

159 2512 235 2584 bris
250 2513 444 2584 convenire
459 2512 503 2583 ad
520 2514 662 2610 signum
677 2514 968 2610 possent,vigilia
982 2513 1093 2586 ferme
1108 2516 1226 2612 prima

160 2621 239 2691 tolli
254 2622 358 2716 jussit
377 2622 477 2718 signa
492 2648 502 2710 3
521 2623 713 2719 silentique
731 2620 913 2720 proiectus
930 2626 1087 2722 agmine,
1107 2650 1225 2722 quum

159 2729 207 2800 ad
224 2737 355 2800 Hamas
373 2729 491 2800 media
510 2745 616 2802 nocte
635 2735 878 2829 pervenisset,
897 2750 1011 2806 castra
1028 2758 1227 2834 campana,

193 2951 217 2996 7.
231 2935 422 2994 Medixtuticru5
439 2936 506 2985 conf.
522 2937 620 2997 XXIV,
637 2955 667 3002 ¹9
711 2941 807 3005 pinque
822 2942 880 2990 loco
899 2943 978 2991 celare
996 2943 1097 2993 difficile
1116 2955 1182 3003 erat,
1199 2954 1226 2996 et

158 3016 223 3078 iupr.
237 3016 340 3073 XXVI,
352 3014 383 3074 6,
401 3026 425 3064 et
438 3015 470 3063 ad
484 3017 536 3074 tx,
549 3032 595 3075 ao,
607 3035 631 3064 n.
643 3034 667 3066 a.
712 3035 742 3067 eo
751 3021 805 3083 ipso
812 3021 1002 3072 animadvertere
1008 3024 1226 3087 potuissentCam⁴

156 3094 255 3151 stedia,
266 3109 310 3141 seu
319 3094 418 3141 meddisc
429 3094 455 3142 in
468 3096 532 3142 Osca
541 3108 583 3144 aut
596 3097 668 3144 cam·
710 3099 781 3162 paui,
793 3099 861 3162 quod
869 3115 942 3148 nemo
952 3103 1129 3161 Cumanorum,
1137 3114 1228 3152 contre

157 3188 277 3236 pinorum
290 3173 373 3236 lingua
386 3174 554 3237 magistratus,
566 3185 599 3231 ,et
610 3175 666 3222 tuti·
711 3194 783 3241 quam
798 3179 889 3226 dictum
904 3190 968 3238 erat,
981 3180 1126 3230 advenisset.
1133 3182 1226 3231 Verisi-

155 3266 197 3298 eus
207 3268 314 3299 summus
324 3251 422 3311 dicitur,
429 3252 496 3317 quod
507 3270 538 3301 ex
545 3257 665 3313 Festum,
710 3258 793 3307 milius
803 3270 853 3316 est,
864 3260 946 3307 verbis
956 3260 994 3306 his
1003 3273 1028 3309 et
1038 3277 1105 3325 seqq.
1116 3261 1229 3310 describi

155 3346 210 3393 quae
220 3330 316 3388 laudat,
326 3331 399 3379 Ennii
410 3333 491 3380 verbis
500 3343 580 3396 patet3
591 3334 637 3380 Str.
709 3338 789 3402 ipsum
797 3338 858 3386 illud
865 3327 1227 3408 sacrum.»Sacnficaturcouj.¹

191 3410 215 3456 8.
230 3409 346 3457 Triduum
360 3409 491 3476 sacrificat.
505 3412 542 3457 ad
553 3412 665 3458 Hamas:
709 3418 779 3465 Crev.
798 3429 825 3464 ut
844 3419 914 3465 simul
934 3421 1019 3467 innuat
1039 3420 1136 3477 livius,
1155 3420 1224 3469 istud

119 3472 123 3485 „
154 3487 201 3551 leg.
221 3489 333 3545 Creven,
350 3487 389 3535 vel
404 3489 592 3556 sacrificandum
610 3506 665 3536 cum
710 3495 947 3545 sacrificiumadhuc
963 3515 1008 3547 suo
1025 3515 1079 3546 aevo
1095 3500 1223 3549 celebrari.

154 3566 301 3622 Perizouio,
322 3565 391 3625 cujus
413 3579 472 3614 nota
497 3579 533 3614 est
550 3582 556 3615 :
579 3587 591 3608 ι
604 3570 665 3630 Quis
710 3573 783 3634 Quod
796 3574 862 3622 unde
875 3589 986 3634 constet,
1001 3579 1088 3640 quaerit
1100 3579 1178 3628 Drak.
1187 3606 1224 3617 -

156 3644 250 3702 credat,
264 3643 417 3703 Gracchum,
435 3646 477 3708 qui
496 3646 576 3710 pridie
595 3647 665 3695 istius
713 3651 882 3715 compleretur,
895 3655 1060 3718 perliceretur.

155 3721 267 3770 sacrificii
286 3724 335 3784 jam
357 3736 466 3771 moverat
487 3726 588 3783 Cumas,
609 3739 667 3790 post
746 3746 770 3791 9.
783 3731 847 3777 Huic
863 3732 1028 3783 insidiandum
1041 3734 1158 3798 tempori,
1174 3734 1227 3785 hou

155 3799 264 3847 triduum
280 3802 377 3851 demum
397 3804 545 3872 oppressisse
564 3805 666 3868 Campa·
711 3809 856 3870 captandum
876 3823 972 3878 tempus
992 3813 1141 3872 insidiandi;
1160 3815 1223 3864 Eru.

155 3891 217 3935 uos,
230 3890 254 3925 et
267 3895 317 3927 non
331 3883 412 3945 primo
428 3898 525 3946 quoque
541 3894 664 3948 tempore,
710 3888 860 3936 ContVellei
878 3893 886 3951 f
900 3925 916 3948 .,
926 3906 1005 3950 ar,et
1016 3894 1068 3942 Cic.
1078 3894 1132 3942 Cat.
1141 3895 1168 3952 1,
1182 3909 1224 3942 ιο.

153 3967 289 4020 autequam
298 3959 466 4024 detegerentur
474 3963 664 4026 insidiae‚quas,
708 3967 771 4014 Mox
795 3969 826 4014 ab
855 3971 951 4020 decim
976 3971 1027 4019 diei
1050 3967 1112 4019 liora
1135 3973 1225 4022 maluit
1260 3989 1262 3993 ·

153 4035 248 4084 etiamsi
258 4052 330 4085 nemo
341 4040 491 4099 enuntiaret,
505 4044 531 4088 in
543 4053 592 4089 tam
605 4059 664 4106 pro·
708 4047 856 4095 Gronovius.
