2782 4568
200 303 265 346 112
338 285 345 304 ·
618 279 655 344 r.
686 280 826 346 Livii
1102 259 1225 368 ὓςὲῑςςζ·

193 400 240 471 lia
258 385 429 494 praeterea
448 399 788 470 Cenomanorumr:
813 425 854 472 ea
873 399 947 470 sola
965 401 1003 469 in
1023 398 1094 470 fide
1109 425 1254 473 manse·

191 521 248 580 rat
264 506 388 603 gallica
406 530 503 602 gens.
523 509 584 578 His
601 511 713 623 copiis
732 535 948 582 concursum
968 524 1031 580 est.
1052 511 1216 582 Praelium
1232 538 1253 582 a

194 616 393 691 Baliaribus
413 632 533 687 ortum
557 634 637 688 est:
664 620 797 716 quibus
820 635 934 717 quum
959 621 1096 715 majore
1119 622 1253 694 robore

192 729 351 826 legiones
364 727 596 813 obsisterent,
608 729 769 801 deductae
787 755 941 829 propere
956 732 993 799 in
1007 755 1143 800 cornua
1159 731 1254 802 leves

191 854 381 911 armaturae
401 835 519 908 sunt⁸.
537 841 626 927 Quae
645 865 701 911 res
722 839 858 928 effecit,
879 855 919 909 ut
937 841 1118 935 equitatus
1133 864 1253 910 roma-

191 974 260 1019 nus
280 949 461 1045 extemplo
482 960 697 1048 urgeretur:
719 976 802 1021 nam
824 976 936 1047 quum
958 952 1018 1019 vix
1038 951 1111 1045 jam
1132 975 1197 1047 per
1215 976 1252 1023 se

191 1061 398 1130 resisterent
416 1060 542 1130 decem
563 1060 723 1132 millibus
746 1063 909 1158 equitum
928 1075 1084 1157 quatuor
1106 1060 1216 1129 millia
1224 1069 1252 1147 ⁹,

191 1185 226 1243 et
245 1168 328 1242 fessi
349 1171 533 1267 plerisque
553 1173 720 1269 integris,
742 1172 865 1242 obruti
884 1187 967 1242 sunt
987 1172 1134 1271 ipsuper
1155 1168 1254 1239 velut

191 1281 291 1354 nube
314 1282 517 1376 jaculorum
541 1306 561 1351 a
586 1281 784 1352 Baliaribus
809 1281 981 1375 conjecta.
1010 1279 1063 1349 Ad
1086 1278 1155 1347 hoc
1179 1279 1253 1348 ele-
1340 1274 1343 1279 ’

190 1383 338 1488 phanti,
355 1393 555 1462 eminentes
570 1391 615 1461 ab
636 1395 804 1462 extremis
824 1392 994 1462 cornibus
1011 1391 1127 1488 (equis
1144 1389 1253 1457 maxi·

190 1525 248 1571 me
263 1526 340 1572 non
354 1504 433 1574 visu
445 1501 572 1590 modo,
589 1501 653 1572 sed
668 1502 780 1574 odore
795 1504 941 1572 insolito
957 1501 1121 1594 territis),
1133 1499 1253 1597 fugam

189 1609 260 1682 late
273 1610 463 1683 faciebant.
475 1612 654 1683 Pedestris
668 1637 788 1710 pugna
801 1637 866 1709 par
876 1614 1003 1682 animis
1017 1613 1129 1708 magis
1143 1617 1253 1708 quam

190 1720 328 1790 viribus
344 1736 438 1809 erat;
456 1746 546 1818 quas
560 1735 724 1792 recentes
739 1727 890 1806 Poenus,
903 1722 1013 1818 paulo
1027 1735 1109 1790 ante
1123 1721 1253 1790 curatis

192 1828 422 1926 corporibus,
446 1833 484 1899 in
501 1832 665 1928 praelium
686 1833 855 1900 attulerat
875 1860 882 1900 z
900 1846 1025 1900 contra
1040 1831 1163 1922 jejuna
1183 1829 1253 1900 fes·

190 1963 301 2035 saque
319 1963 471 2036 corpora
490 1939 679 2026 RomaniS,
701 1952 737 2008 et
761 1941 912 2034 rigentia
935 1940 1018 2035 gelu
1044 1936 1250 2033 torpebant.

191 2051 417 2122 Restitissent
433 2061 552 2120 tamen
570 2051 716 2138 animis,
737 2051 766 2120 si
788 2075 868 2119 cum
885 2047 1006 2146 pedite
1023 2046 1139 2118 solum
1160 2045 1254 2117 foret

194 2175 413 2258 pugnatum
433 2160 497 2232 sed
518 2175 554 2231 et
572 2161 743 2249 Baliares,
766 2160 870 2257 pulso
890 2159 1028 2253 equite,
1047 2155 1253 2251 jaculaban-

193 2285 253 2341 tur
280 2270 472 2358 inlaterat,
495 2286 530 2341 et
556 2271 737 2368 elephanti
760 2270 834 2364 jam
856 2270 894 2337 in
916 2267 1069 2338 mediam
1091 2267 1251 2364 pediturn

193 2381 303 2450 aciem
323 2406 400 2452 sese
414 2381 573 2452 tulerant
589 2408 597 2450 :
615 2396 651 2452 et
667 2387 773 2479 Mago
787 2379 1021 2475 Numidaeque
1031 2393 1066 2465 ¹⁰,
1086 2379 1191 2448 simul
1207 2378 1252 2447 la·

193 2487 312 2559 tebras
325 2515 462 2589 weorum
486 2492 687 2587 improvida
710 2490 910 2589 praeterlata
932 2490 1023 2561 acies
1048 2504 1115 2573 est,
1137 2490 1252 2558 exorti

193 2596 238 2666 ab
258 2612 359 2696 tergo
379 2601 562 2697 ingentem
582 2600 780 2671 tumultum
799 2625 840 2670 ac
858 2610 1032 2670 terrorem
1051 2596 1177 2667 fecere.
1193 2602 1252 2667 Ta·

193 2732 278 2777 men
297 2709 334 2777 in
355 2722 411 2779 tot
429 2710 745 2783 circumstantibus
765 2711 865 2780 malis
882 2711 1011 2780 mansit
1032 2705 1252 2803 aliquamdiu

191 2818 341 2888 immota
355 2821 462 2908 acies,
477 2823 629 2893 maxime
647 2836 778 2919 praeter
792 2847 893 2919 spem
907 2822 1070 2891 omnium
1084 2818 1251 2888 adversus

191 2929 425 3026 elephantos:
442 2956 504 3002 eos
520 2933 644 3004 velites
656 2944 698 3022 ¹¹,
712 2933 757 3003 ad
775 2932 813 3001 id
832 2935 951 3029 ipsum
971 2931 1098 3019 locati,
1117 2929 1252 2998 verutis

226 3166 250 3209 7.
258 3151 486 3215 Auxiliapraeterea
493 3151 683 3200 Cenomanorum
688 3171 699 3210 ;
744 3152 859 3217 quasdam
869 3169 900 3200 ex
914 3151 999 3216 primis
1010 3149 1065 3197 edd.
1077 3147 1145 3194 male.
1156 3145 1250 3192 Deinde

192 3229 247 3276 vido
255 3230 286 3276 ad
295 3232 329 3287 V,
342 3231 388 3288 35,
402 3247 456 3279 n.r.
738 3233 847 3295 praelata
873 3231 937 3278 acies
961 3242 996 3277 est
1017 3226 1143 3291 legendum
1169 3236 1251 3273 censet

225 3309 248 3355 8.
263 3309 379 3357 Deductae
385 3326 489 3374 propere
502 3311 526 3357 in
536 3327 628 3358 cornua
640 3312 699 3359 leves
744 3311 901 3368 Gebhardus,
911 3308 978 3372 quod
987 3324 1038 3355 non
1047 3304 1251 3353 contemnendum

189 3399 344 3435 armaturae:
363 3391 447 3452 potius
460 3389 577 3447 diducto,
596 3391 697 3448 divirae3
743 3400 813 3452 putat
827 3389 900 3436 nrak.
915 3389 971 3450 quia
983 3387 1032 3434 boc
1046 3401 1117 3432 sensu
1134 3383 1199 3448 apud
1212 3385 1251 3429 Li·

189 3466 263 3512 Dru.
283 3467 322 3512 Ad
334 3467 387 3515 haec
402 3480 425 3515 et
437 3485 504 3531 seqq.
517 3469 601 3516 confer
610 3469 698 3533 Polyb.
742 3470 809 3515 vium
823 3469 935 3532 frequens
951 3478 998 3524 est;
1013 3467 1069 3513 vide
1082 3466 1187 3522 xxm,
1205 3465 1252 3521 32,

190 3546 355 3606 floron.
632 3550 635 3557 ·
743 3543 1252 3601 alisi.ascenaentem,eane.

226 3639 250 3684 9.
262 3625 373 3684 Quatuor
382 3624 458 3671 millia
470 3625 579 3688 equitum
592 3641 654 3672 rom.
664 3653 699 3660 —
782 3642 821 3672 11.
832 3627 881 3672 Eos
890 3625 988 3683 velites,
1001 3625 1070 3672 adid
1076 3625 1153 3688 ipsam
1164 3621 1249 3677 locati,

191 3700 235 3746 Ad
242 3701 305 3758 lioc,·
317 3703 373 3749 vide
386 3703 418 3749 ad
430 3705 468 3760 11,
483 3704 529 3761 23,
544 3719 569 3750 u.
582 3704 605 3750 3.
743 3704 834 3750 orerutis
847 3706 890 3751 snb
904 3703 1137 3767 caudirfhdiebao&
1152 3700 1207 3747 vide
1220 3699 1253 3744 ad

228 3794 267 3826 ro.
280 3783 355 3844 Mago
369 3780 543 3844 Numidoeqm,
556 3781 629 3829 simul
638 3780 699 3847 (vid.
744 3785 818 3838 VIII,
832 3800 874 3841 ro,
884 3801 907 3829 n.
917 3784 944 3840 5,
955 3785 1025 3841 etX,
1037 3799 1085 3844 29,
1095 3799 1120 3828 n.
1128 3782 1152 3826 6.
1165 3778 1252 3824 Velites

191 3855 416 3924 ad111‚62,n.a)
427 3861 533 3908 latebras
544 3877 639 3918 eorum,
652 3874 699 3910 etc.
743 3862 769 3910 h.
778 3862 794 3908 l.
804 3873 828 3909 et
834 3864 931 3920 XXIV,
942 3863 988 3920 34,
1003 3879 1047 3926 per
1055 3858 1180 3925 prolepsin
1191 3857 1252 3904 dieti

193 3934 224 3980 de
238 3951 286 3996 quo
299 3937 440 3985 insidiarum
456 3941 513 3988 loco
526 3941 581 3989 vide
600 3959 653 4005 cap.
667 3942 700 3996 54
741 3941 899 4000 jaculatores,
915 3943 936 3988 si
954 3943 1031 3989 serior
1044 3940 1090 3986 fuit
1101 3937 1213 3985 inventio
1228 3948 1252 3984 et

191 4027 230 4076 pr.
242 4041 276 4048 -
288 4015 365 4061 Simul
375 4017 471 4074 latebris
483 4020 547 4080 apud
557 4023 616 4070 Lov.
629 4022 656 4078 3,
676 4031 700 4066 et
745 4037 813 4077 risus,
833 4033 874 4068 aut
891 4033 955 4068 certe
975 4036 1065 4069 nomen
1080 4018 1202 4075 Velitum,
1221 4016 1251 4063 de
