2782 4568
184 298 311 414 33:232:
344 321 735 390 maturuere.
764 322 873 391 xcv.
898 321 1029 390 xcvi.
1142 302 1223 406 ‘463

158 446 311 516 traditur
325 457 361 515 et
375 443 451 540 ipse
465 456 502 513 et
515 442 665 512 comites
680 468 688 511 ε
704 455 741 512 et
755 442 833 512 auri
847 441 931 512 satis
944 465 1117 537 magnum
1130 467 1223 539 pon·

158 555 248 644 dus,
276 553 377 652 quod
398 577 522 625 secum
542 566 622 623 tum
649 551 837 641 attulerat,
858 552 894 658 ei¹
915 553 1049 625 servari
1072 552 1223 646 jussum.

159 664 405 743 Calibus'eum
419 661 578 735 interdiu
592 660 750 733 solutum
768 661 938 735 custodes
952 663 1221 759 sequebantur:

160 793 267 848 nocte
285 776 446 848 clausum
461 773 708 847 adservabant.
719 775 824 872 Arpis
841 773 941 846 domi
955 776 1113 873 primum
1130 775 1225 849 desi·

160 887 277 959 derari
301 887 487 984 quaerique
509 899 564 957 est
584 899 725 983 coeptus
745 913 754 957 ε
774 883 859 958 dein
884 884 997 974 fama,
1019 912 1086 984 per
1110 899 1224 960 totam
1251 952 1254 972 ,

159 998 289 1070 urbem
301 998 461 1094 vulgata,
476 997 691 1084 tumultum,
704 1011 746 1067 ut
759 997 924 1095 principe
938 999 1067 1070 amisso
1079 995 1106 1088 ⁵,
1121 997 1223 1071 fecit:

57 1147 60 1154 ,
160 1124 334 1205 metuque
350 1131 474 1178 rerum
491 1131 667 1178 novarum
685 1106 869 1204 extemplo
888 1109 1008 1179 nuntii
1025 1107 1072 1180 ad
1087 1110 1226 1182 Hanni·

160 1218 277 1290 halem
305 1220 414 1290 missi.
450 1216 594 1308 Quibus
621 1241 854 1314 nequaquam
883 1215 1044 1291 offensus
1073 1223 1226 1306 Poenus,

160 1330 247 1424 quia
267 1344 304 1399 et
328 1329 466 1424 ipsum,
489 1341 530 1398 ut
549 1325 727 1425 ambiguae
750 1325 836 1400 fidei
852 1328 993 1416 virum,
1018 1343 1226 1427 suspectum

158 1438 233 1530 jam
253 1435 396 1534 pridem
411 1436 584 1522 hahebat,
603 1451 639 1508 et
658 1461 801 1508 causam
816 1451 944 1509 nactus
963 1453 1039 1509 erat
1052 1453 1127 1509 tam
1143 1439 1227 1512 ditis

160 1546 316 1618 hominis
333 1546 432 1618 bona
451 1543 683 1645 possidendi⁶
704 1547 961 1644 vendendique
976 1575 984 1616 ε
999 1563 1170 1620 caeterum
1185 1563 1227 1621 ut

160 1659 220 1727 irae
234 1658 364 1754 magis,
378 1681 488 1753 quam
506 1658 676 1745 avaritiae,
694 1656 819 1728 datum
836 1657 1027 1729 crederent
1040 1657 1226 1743 homines,

160 1767 411 1838 crudelitatem
423 1789 573 1861 quoque
590 1765 754 1860 gravitati
772 1765 944 1853 addidit⁷;
961 1765 1229 1861 conjugemque

161 1879 240 1973 ejus
258 1901 300 1948 ac
314 1875 451 1947 liberos
466 1876 505 1944 in
524 1889 640 1948 castra
657 1876 809 1975 accitos,
827 1877 1027 1971 quaestione
1045 1877 1145 1973 prius
1161 1874 1225 1947 ha·
1308 1934 1314 1951 .

159 1988 253 2074 bita,
273 1988 430 2085 primum
443 1986 490 2057 de
508 1984 594 2083 fuga
611 1983 756 2072 Alcimi,
775 1984 861 2056 dein
879 2000 1056 2082 quantum
1077 1987 1156 2057 auri
1168 2011 1228 2059 ar-

161 2092 335 2196 gentique
351 2095 450 2167 domi
463 2095 629 2167 relictum
646 2109 758 2182 esset,
773 2097 856 2166 satis
871 2097 1024 2192 cognitis
1038 2095 1228 2184 omnibus,

161 2210 262 2279 vivos
280 2207 490 2297 combussit.

209 2323 332 2391 XLVI.
343 2318 488 2406 Fabius,
499 2315 545 2390 ab
557 2315 725 2389 Suessula
736 2313 936 2413 profectus,
946 2321 1063 2413 Arpos
1070 2316 1228 2413 primum

160 2431 288 2500 institit
302 2453 515 2526 oppugnare
525 2438 551 2498 ¹.
567 2426 641 2499 Ubi
653 2450 770 2524 quum
784 2451 806 2498 a
819 2426 1028 2522 quingentis
1037 2424 1112 2498 fere
1124 2427 1230 2522 passi·

162 2650 232 2686 nocte
241 2639 349 2686 clausum
362 2640 526 2688 asservabant.
536 2640 574 2689 Cf.
584 2643 668 2707 Intpp.
712 2656 759 2705 pro
772 2640 839 2703 vulg.
851 2638 992 2687 crudelitati
1004 2656 1029 2703 q.
1040 2636 1188 2704 gravitatem
1201 2655 1227 2688 a.

162 2717 263 2774 Veneti,
271 2719 297 2774 1,
311 2732 340 2778 9,
350 2728 375 2764 et
384 2714 480 2765 Sallust.
491 2717 545 2765 Cat.
557 2720 604 2776 43,
621 2719 669 2776 ὅο;
713 2718 795 2781 recepi
804 2733 860 2766 cum
871 2717 997 2776 Strothi0‚
1010 2717 1053 2781 qui
1066 2729 1148 2766 tamen
1162 2729 1228 2766 recte

162 2796 244 2844 Vales.
254 2807 279 2843 ct
289 2795 392 2843 Wessel.
405 2795 437 2842 ad
450 2796 554 2843 Diodor.
566 2798 626 2844 Exc.
640 2796 671 2844 dc
714 2797 786 2843 simul
799 2796 911 2854 monuit,
923 2813 970 2861 pro
978 2796 1113 2861 gravitati,
1129 2813 1184 2861 quae
1197 2797 1227 2845 ab

163 2877 228 2924 Virt.
243 2886 268 2922 ct
283 2876 335 2923 Vit.
349 2893 375 2939 p.
388 2875 436 2935 ⁵71
450 2885 476 2922 ct
488 2874 548 2922 581.
565 2901 600 2912 --
612 2876 672 2922 Tra·
715 2874 742 2923 h.
754 2875 773 2921 Ι.
786 2874 865 2922 aliena
878 2874 911 2922 tit
925 2874 1016 2940 (quum
1033 2874 1064 2922 de
1077 2875 1173 2923 duobus
1184 2892 1229 2940 po·

162 2955 237 3012 ditur,
249 2953 583 3011 acilic.custodibua‚teaiu
592 2963 673 3002 auto·
716 2953 765 3003 tint
784 2953 931 3002 Hannibalis
948 2953 1015 3001 vitiis
1033 2953 1066 3003 tit
1084 2969 1178 3013 sermo,
1198 2954 1229 3002 de

162 3034 238 3083 diam.
718 3031 838 3089 mertia,
853 3047 925 3096 φιιιιιι
941 3030 1028 3079 habita
1048 3031 1181 3095 quastione
1199 3033 1231 3080 de
1291 3045 1296 3060 ¹

198 3114 223 3161 5.
235 3112 385 3169 Tumultum,
397 3122 427 3158 ut
437 3109 550 3175 principe
566 3109 655 3159 amitto
662 3146 671 3168 ,
716 3128 779 3160 auro
796 3121 947 3175 argentoque
963 3107 1032 3156 domi
1045 3109 1141 3167 reli'cto,
1156 3121 1181 3159 ct
1199 3111 1230 3160 dc

155 3191 237 3256 fecit,·
249 3192 307 3240 vide
320 3192 352 3239 ad
363 3193 438 3250 VIII,
452 3191 499 3249 30,
507 3206 533 3238 ιι.
541 3206 566 3250 7.
577 3217 612 3227 -
621 3192 673 3238 tte
717 3190 765 3248 ira,
774 3206 817 3239 teu
824 3189 977 3246 crudelitate,
986 3205 1059 3252 quam
1067 3190 1229 3238 coraburendc

163 3283 236 3334 taque
248 3288 329 3318 rerum
340 3286 473 3327 nauautm
483 3269 541 3317 vida
553 3285 626 3335 cupra
641 3269 673 3318 ad
717 3269 785 3317 viros
797 3269 889 3318 liberos
903 3269 1081 3333 conjugemque
1094 3268 1183 3317 Altinii
1197 3269 1231 3316 si·

164 3352 190 3409 1,
206 3351 251 3410 tt,
264 3367 290 3399 ιι.
304 3367 326 3399 ι.
717 3346 899 3413 gaitanum),
911 3348 1042 3413 legendum
1058 3347 1174 3395 ariditati
1189 3359 1231 3397 aut

198 3428 224 3477 6.
239 3431 300 3476 Tam
316 3428 373 3476 ditis
388 3426 491 3476 hominis
513 3427 578 3475 betta
593 3427 673 3490 possi·
717 3444 774 3476 oum
783 3430 862 3478 Grau.
872 3427 1013 3492 rapacitati.
1023 3427 1149 3492 suspicari
1158 3427 1230 3475 ctiam

164 3506 253 3562 dendi,
275 3508 413 3571 occupandi
438 3506 471 3572 (a
489 3505 591 3570 posside
600 3504 624 3571 )‚
645 3517 674 3555 ut
717 3508 797 3573 poesia
813 3507 958 3572 cupiditati,
975 3519 1001 3556 et
1015 3523 1130 3574 gruem,
1145 3507 1184 3554 vel
1192 3505 1232 3572 fi

164 3588 270 3643 XXXI,
289 3586 335 3644 313
356 3588 507 3644 xxxvm,
521 3585 571 3645 60;
588 3586 673 3644 XLII,
717 3604 785 3645 ram,
799 3588 838 3635 rel
847 3587 930 3635 diram
941 3587 1062 3636 ariditati.
1076 3586 1161 3636 uinus
1174 3597 1231 3650 apte
1314 3640 1317 3650 Ι

164 3666 289 3715 ι3.ί]οιιΙ.
300 3665 333 3712 ad
341 3667 474 3715 Tacdua.
485 3668 523 3726 11,
534 3666 560 3726 5,
572 3683 599 3714 ιι.
608 3666 673 3714 5.-
716 3668 773 3716 hu.
793 3667 859 3727 coni.
875 3666 1016 3716 crudelitati
1033 3684 1058 3731 q.
1072 3666 1229 3732 pravitatem.

168 3748 199 3792 Ut
207 3745 250 3793 irre
259 3743 337 3809 magis
347 3761 422 3808 quam
431 3745 544 3795 auaritia
556 3746 584 3794 id
596 3745 675 3812 (quod
718 3746 839 3795 Caeterum
851 3746 962 3794 camdem
979 3747 1147 3795 crudelitatem
1163 3748 1230 3794 Han-

165 3825 228 3873 sorte
243 3821 350 3888 excidit)
364 3824 450 3872 datum
463 3826 587 3874 crederent
597 3825 675 3875 hami·
719 3824 807 3873 tribalia
818 3836 937 3872 memorat
949 3826 1060 3890 Appian.
1074 3826 1133 3874 Bell.
1145 3828 1229 3873 Hann.

165 3919 224 3959 ues‚·
236 3904 294 3951 vide
307 3904 338 3951 ad
350 3906 400 3961 ΙΙΙ,
412 3903 459 3962 58,
472 3921 496 3950 ιι.
508 3913 533 3961 4.
720 3905 763 3962 3ι,
777 3902 936 3964 etaliudejut
945 3904 1157 3971 exemplumque
1166 3916 1230 3953 extr.

204 4000 227 4044 7.
247 3983 419 4032 Crrtdelitatem
442 3999 538 4046 quaque
557 3984 677 4048 gravitati
755 3983 816 4032 Cae.
832 3985 922 4030 XLVI.
939 3999 961 4031 t.
975 3982 1066 4032 Institit
1075 3997 1231 4048 oppugnare,·
1274 3976 1276 3981 ⁴

165 4058 316 4126 (severitati)
332 4061 431 4111 addidit
443 4078 456 4109 c
470 4063 516 4111 MS
529 4063 594 4113 Flor.
607 4075 632 4112 ct
643 4063 673 4111 al.
720 4061 776 4111 vide
788 4061 819 4110 ad
833 4077 887 4127 cap.
901 4061 946 4120 26,
960 4078 986 4110 ιι.
996 4077 1020 4122 7.
1037 4089 1071 4098 -
1089 4061 1230 4126 Neglectam
