<?xml version="1.0" encoding="UTF-8"?>
<!DOCTYPE html PUBLIC "-//W3C//DTD XHTML 1.0 Transitional//EN"
    "http://www.w3.org/TR/xhtml1/DTD/xhtml1-transitional.dtd">
<html xmlns="http://www.w3.org/1999/xhtml" xml:lang="en" lang="en">
 <head>
  <title>
</title>
<meta http-equiv="Content-Type" content="text/html;charset=utf-8" />
  <meta name='ocr-system' content='tesseract 3.04.00' />
  <meta name='ocr-capabilities' content='ocr_page ocr_carea ocr_par ocr_line ocrx_word'/>
</head>
<body>
  <div class='ocr_page' id='page_1' title='image "./titusliviuspata06freigoog_0219.png"; bbox 0 0 2782 4568; ppageno 0'>
   <div class='ocr_carea' id='block_1_1' title="bbox 1112 294 1235 339">
    <p class='ocr_par' dir='ltr' id='par_1_1' title="bbox 1112 294 1235 339">
     <span class='ocr_line' id='line_1_1' title="bbox 1112 294 1235 339; baseline 0.041 -6"><span class='ocrx_word' id='word_1_1' title='bbox 1112 296 1135 335; x_wconf 82' lang='lat' dir='ltr'>tt.</span> <span class='ocrx_word' id='word_1_2' title='bbox 1149 294 1174 335; x_wconf 83' lang='lat' dir='ltr'>G.</span> <span class='ocrx_word' id='word_1_3' title='bbox 1191 298 1235 339; x_wconf 73' lang='grc' dir='ltr'>πθ.</span> 
     </span>
    </p>
   </div>
   <div class='ocr_carea' id='block_1_2' title="bbox 544 314 1239 402">
    <p class='ocr_par' dir='ltr' id='par_1_2' title="bbox 544 314 1239 402">
     <span class='ocr_line' id='line_1_2' title="bbox 544 314 1239 402; baseline -0.003 -19"><span class='ocrx_word' id='word_1_4' title='bbox 544 395 548 402; x_wconf 35' lang='grc'>,</span> <span class='ocrx_word' id='word_1_5' title='bbox 619 318 658 383; x_wconf 90' lang='grc' dir='ltr'>Τ.</span> <span class='ocrx_word' id='word_1_6' title='bbox 689 314 829 384; x_wconf 88' lang='lat' dir='ltr'>LIVII</span> <span class='ocrx_word' id='word_1_7' title='bbox 1114 355 1175 396; x_wconf 59' lang='lat' dir='ltr'>uc,</span> <span class='ocrx_word' id='word_1_8' title='bbox 1191 359 1239 398; x_wconf 71' lang='lat'>„„</span> 
     </span>
    </p>
   </div>
   <div class='ocr_carea' id='block_1_3' title="bbox 201 436 1267 1425">
    <p class='ocr_par' dir='ltr' id='par_1_3' title="bbox 201 436 1265 646">
     <span class='ocr_line' id='line_1_3' title="bbox 202 436 1265 538; baseline 0.001 -29"><span class='ocrx_word' id='word_1_9' title='bbox 202 441 272 538; x_wconf 80' lang='lat' dir='ltr'>gati</span> <span class='ocrx_word' id='word_1_10' title='bbox 285 463 305 508; x_wconf 86' lang='lat' dir='ltr'>a</span> <span class='ocrx_word' id='word_1_11' title='bbox 318 444 428 509; x_wconf 83' lang='lat' dir='ltr'>Paesto</span> <span class='ocrx_word' id='word_1_12' title='bbox 443 451 582 534; x_wconf 86' lang='lat' dir='ltr'>pateras</span> <span class='ocrx_word' id='word_1_13' title='bbox 596 460 721 508; x_wconf 81' lang='lat' dir='ltr'>aurens</span> <span class='ocrx_word' id='word_1_14' title='bbox 734 442 886 508; x_wconf 87' lang='lat' dir='ltr'>Romam</span> <span class='ocrx_word' id='word_1_15' title='bbox 899 436 1097 506; x_wconf 84' lang='lat' dir='ltr'>attulerunt</span> <span class='ocrx_word' id='word_1_16' title='bbox 1109 464 1116 505; x_wconf 93' lang='lat'>:</span> <span class='ocrx_word' id='word_1_17' title='bbox 1128 438 1186 525; x_wconf 88' lang='lat' dir='ltr'>iis,</span> <span class='ocrx_word' id='word_1_18' title='bbox 1201 439 1265 510; x_wconf 90' lang='lat' dir='ltr'>sic·</span> 
     </span>
     <span class='ocr_line' id='line_1_4' title="bbox 201 549 1240 646; baseline -0.004 -24"><span class='ocrx_word' id='word_1_19' title='bbox 201 566 243 622; x_wconf 88' lang='lat' dir='ltr'>ut</span> <span class='ocrx_word' id='word_1_20' title='bbox 253 549 498 646; x_wconf 84' lang='lat' dir='ltr'>Neapolitanis</span> <span class='ocrx_word' id='word_1_21' title='bbox 507 561 542 637; x_wconf 83' lang='lat'>¹²,</span> <span class='ocrx_word' id='word_1_22' title='bbox 558 549 677 645; x_wconf 86' lang='lat' dir='ltr'>gratiae</span> <span class='ocrx_word' id='word_1_23' title='bbox 692 563 795 636; x_wconf 78' lang='lat' dir='ltr'>actae3</span> <span class='ocrx_word' id='word_1_24' title='bbox 809 570 938 618; x_wconf 82' lang='lat' dir='ltr'>aurum</span> <span class='ocrx_word' id='word_1_25' title='bbox 952 572 1027 616; x_wconf 93' lang='lat' dir='ltr'>non</span> <span class='ocrx_word' id='word_1_26' title='bbox 1040 562 1240 644; x_wconf 83' lang='lat' dir='ltr'>acceptum.</span> 
     </span>
    </p>

    <p class='ocr_par' dir='ltr' id='par_1_4' title="bbox 201 657 1267 1425">
     <span class='ocr_line' id='line_1_5' title="bbox 246 657 1264 731; baseline -0.001 0"><span class='ocrx_word' id='word_1_27' title='bbox 246 665 427 731; x_wconf 84' lang='lat' dir='ltr'>XXXVII.</span> <span class='ocrx_word' id='word_1_28' title='bbox 441 663 509 730; x_wconf 91' lang='lat' dir='ltr'>Per</span> <span class='ocrx_word' id='word_1_29' title='bbox 523 658 669 730; x_wconf 89' lang='lat' dir='ltr'>eosdem</span> <span class='ocrx_word' id='word_1_30' title='bbox 681 659 756 730; x_wconf 89' lang='lat' dir='ltr'>dies</span> <span class='ocrx_word' id='word_1_31' title='bbox 766 658 811 729; x_wconf 84' lang='lat' dir='ltr'>ab</span> <span class='ocrx_word' id='word_1_32' title='bbox 825 659 981 730; x_wconf 81' lang='lat' dir='ltr'>Hierone</span> <span class='ocrx_word' id='word_1_33' title='bbox 994 657 1113 729; x_wconf 84' lang='lat' dir='ltr'>classis</span> <span class='ocrx_word' id='word_1_34' title='bbox 1124 660 1264 730; x_wconf 82' lang='lat' dir='ltr'><strong>Ostiam</strong></span> 
     </span>
     <span class='ocr_line' id='line_1_6' title="bbox 201 769 1264 868; baseline -0.002 -26"><span class='ocrx_word' id='word_1_35' title='bbox 201 791 284 842; x_wconf 82' lang='lat' dir='ltr'>cum</span> <span class='ocrx_word' id='word_1_36' title='bbox 297 794 430 868; x_wconf 83' lang='lat' dir='ltr'>magno</span> <span class='ocrx_word' id='word_1_37' title='bbox 443 784 646 842; x_wconf 83' lang='lat' dir='ltr'>commeatu</span> <span class='ocrx_word' id='word_1_38' title='bbox 666 771 844 841; x_wconf 68' lang='lat' dir='ltr'>accessitr.</span> <span class='ocrx_word' id='word_1_39' title='bbox 862 769 984 865; x_wconf 81' lang='lat' dir='ltr'>Legati</span> <span class='ocrx_word' id='word_1_40' title='bbox 1003 771 1264 865; x_wconf 81' lang='lat' dir='ltr'>syracusani-in</span> 
     </span>
     <span class='ocr_line' id='line_1_7' title="bbox 203 880 1267 954; baseline -0.003 -2"><span class='ocrx_word' id='word_1_41' title='bbox 203 896 368 954; x_wconf 84' lang='lat' dir='ltr'>senatum</span> <span class='ocrx_word' id='word_1_42' title='bbox 392 881 592 952; x_wconf 85' lang='lat' dir='ltr'>introducti</span> <span class='ocrx_word' id='word_1_43' title='bbox 614 882 831 952; x_wconf 82' lang='lat' dir='ltr'>nuntiarunt</span> <span class='ocrx_word' id='word_1_44' title='bbox 850 880 1019 952; x_wconf 79' lang='lat' dir='ltr'>:Caedem</span> <span class='ocrx_word' id='word_1_45' title='bbox 1041 885 1077 952; x_wconf 88' lang='lat' dir='ltr'>C.</span> <span class='ocrx_word' id='word_1_46' title='bbox 1098 886 1267 951; x_wconf 82' lang='lat' dir='ltr'>Flaminii</span> 
     </span>
     <span class='ocr_line' id='line_1_8' title="bbox 203 989 1264 1088; baseline -0.005 -24"><span class='ocrx_word' id='word_1_47' title='bbox 203 992 357 1064; x_wconf 86' lang='lat' dir='ltr'>consulis</span> <span class='ocrx_word' id='word_1_48' title='bbox 372 996 619 1088; x_wconf 76' lang='lat' dir='ltr'>exercitusque</span> <span class='ocrx_word' id='word_1_49' title='bbox 631 991 781 1062; x_wconf 83' lang='lat' dir='ltr'>allatam</span> <span class='ocrx_word' id='word_1_50' title='bbox 794 990 886 1061; x_wconf 90' lang='lat' dir='ltr'>adeo</span> <span class='ocrx_word' id='word_1_51' title='bbox 900 1014 995 1087; x_wconf 80' lang='lat' dir='ltr'>tegre</span> <span class='ocrx_word' id='word_1_52' title='bbox 1009 989 1128 1061; x_wconf 86' lang='lat' dir='ltr'>tulisse</span> <span class='ocrx_word' id='word_1_53' title='bbox 1143 1015 1264 1085; x_wconf 80' lang='lat' dir='ltr'>regem</span> 
     </span>
     <span class='ocr_line' id='line_1_9' title="bbox 203 1101 1265 1200; baseline 0 -27"><span class='ocrx_word' id='word_1_54' title='bbox 203 1108 412 1188; x_wconf 76' lang='lat' dir='ltr'>Hieronem,</span> <span class='ocrx_word' id='word_1_55' title='bbox 439 1118 480 1172; x_wconf 89' lang='lat' dir='ltr'>ut</span> <span class='ocrx_word' id='word_1_56' title='bbox 502 1101 604 1172; x_wconf 90' lang='lat' dir='ltr'>nulla</span> <span class='ocrx_word' id='word_1_57' title='bbox 625 1127 694 1173; x_wconf 91' lang='lat' dir='ltr'>sua</span> <span class='ocrx_word' id='word_1_58' title='bbox 709 1107 864 1200; x_wconf 82' lang='lat' dir='ltr'>propria</span> <span class='ocrx_word' id='word_1_59' title='bbox 890 1109 1057 1199; x_wconf 80' lang='lat' dir='ltr'>regnique</span> <span class='ocrx_word' id='word_1_60' title='bbox 1079 1108 1137 1171; x_wconf 89' lang='lat' dir='ltr'>sui</span> <span class='ocrx_word' id='word_1_61' title='bbox 1158 1102 1265 1173; x_wconf 84' lang='lat' dir='ltr'>clade</span> 
     </span>
     <span class='ocr_line' id='line_1_10' title="bbox 203 1212 1261 1311; baseline 0.002 -29"><span class='ocrx_word' id='word_1_62' title='bbox 203 1219 336 1283; x_wconf 83' lang='lat' dir='ltr'>moveri</span> <span class='ocrx_word' id='word_1_63' title='bbox 347 1219 456 1311; x_wconf 70' lang='lat' dir='ltr'>magis</span> <span class='ocrx_word' id='word_1_64' title='bbox 463 1218 632 1308; x_wconf 83' lang='lat' dir='ltr'>potuerit.</span> <span class='ocrx_word' id='word_1_65' title='bbox 647 1218 793 1309; x_wconf 83' lang='lat' dir='ltr'>Itaque,</span> <span class='ocrx_word' id='word_1_66' title='bbox 814 1237 1018 1310; x_wconf 80' lang='lat' dir='ltr'>quanquam</span> <span class='ocrx_word' id='word_1_67' title='bbox 1029 1212 1144 1310; x_wconf 85' lang='lat' dir='ltr'><em>probe</em></span> <span class='ocrx_word' id='word_1_68' title='bbox 1156 1219 1261 1301; x_wconf 86' lang='lat' dir='ltr'>sciat,</span> 
     </span>
     <span class='ocr_line' id='line_1_11' title="bbox 203 1321 1265 1425; baseline -0.004 -31"><span class='ocrx_word' id='word_1_69' title='bbox 203 1323 483 1421; x_wconf 62' lang='lat' dir='ltr'>magnitudinem</span> <span class='ocrx_word' id='word_1_70' title='bbox 507 1325 637 1421; x_wconf 83' lang='lat' dir='ltr'>populi</span> <span class='ocrx_word' id='word_1_71' title='bbox 659 1330 805 1394; x_wconf 90' lang='lat' dir='ltr'>romani</span> <span class='ocrx_word' id='word_1_72' title='bbox 827 1321 1130 1392; x_wconf 78' lang='lat' dir='ltr'>admirabiliorem</span> <span class='ocrx_word' id='word_1_73' title='bbox 1142 1342 1265 1425; x_wconf 81' lang='lat' dir='ltr'>prope</span> 
     </span>
    </p>
   </div>
   <div class='ocr_carea' id='block_1_4' title="bbox 205 343 271 388">
    <p class='ocr_par' dir='ltr' id='par_1_5' title="bbox 205 343 271 388">
     <span class='ocr_line' id='line_1_12' title="bbox 205 343 271 388; baseline 0.03 -2"><span class='ocrx_word' id='word_1_74' title='bbox 205 343 271 388; x_wconf 80' lang='lat'>212</span> 
     </span>
    </p>
   </div>
   <div class='ocr_carea' id='block_1_5' title="bbox 103 1433 1263 1530">
    <p class='ocr_par' dir='ltr' id='par_1_6' title="bbox 103 1433 1263 1530">
     <span class='ocr_line' id='line_1_13' title="bbox 103 1433 1263 1530; baseline -0.007 -26"><span class='ocrx_word' id='word_1_75' title='bbox 103 1470 106 1476; x_wconf 94' lang='lat'>·</span> <span class='ocrx_word' id='word_1_76' title='bbox 204 1433 499 1517; x_wconf 65' lang='lat' dir='ltr'>adamaredas,</span> <span class='ocrx_word' id='word_1_77' title='bbox 518 1458 629 1530; x_wconf 86' lang='lat' dir='ltr'>quarn</span> <span class='ocrx_word' id='word_1_78' title='bbox 644 1434 809 1504; x_wconf 86' lang='lat' dir='ltr'>secundis</span> <span class='ocrx_word' id='word_1_79' title='bbox 824 1455 917 1515; x_wconf 70' lang='lat' dir='ltr'>esse,</span> <span class='ocrx_word' id='word_1_80' title='bbox 936 1449 1106 1503; x_wconf 89' lang='lat' dir='ltr'>tamense</span> <span class='ocrx_word' id='word_1_81' title='bbox 1124 1433 1263 1515; x_wconf 90' lang='lat' dir='ltr'>omnia,</span> 
     </span>
    </p>
   </div>
   <div class='ocr_carea' id='block_1_6' title="bbox 193 1539 1330 2714">
    <p class='ocr_par' dir='ltr' id='par_1_7' title="bbox 193 1539 1330 2714">
     <span class='ocr_line' id='line_1_14' title="bbox 204 1539 1262 1640; baseline -0.006 -26"><span class='ocrx_word' id='word_1_82' title='bbox 204 1545 328 1640; x_wconf 81' lang='lat' dir='ltr'>qm&#39;bus</span> <span class='ocrx_word' id='word_1_83' title='bbox 339 1569 363 1612; x_wconf 92' lang='lat' dir='ltr'>a</span> <span class='ocrx_word' id='word_1_84' title='bbox 379 1542 738 1640; x_wconf 80' lang='lat' dir='ltr'>bonisfidelibusque</span> <span class='ocrx_word' id='word_1_85' title='bbox 750 1550 856 1615; x_wconf 88' lang='lat' dir='ltr'>sociis</span> <span class='ocrx_word' id='word_1_86' title='bbox 872 1542 1096 1637; x_wconf 86' lang='lat' dir='ltr'>bellajuvari</span> <span class='ocrx_word' id='word_1_87' title='bbox 1105 1539 1262 1626; x_wconf 82' lang='lat' dir='ltr'>soleant,</span> 
     </span>
     <span class='ocr_line' id='line_1_15' title="bbox 202 1655 1263 1750; baseline 0.001 -27"><span class='ocrx_word' id='word_1_88' title='bbox 202 1659 335 1724; x_wconf 83' lang='lat' dir='ltr'>misisse</span> <span class='ocrx_word' id='word_1_89' title='bbox 353 1675 468 1749; x_wconf 86' lang='lat' dir='ltr'>:quae</span> <span class='ocrx_word' id='word_1_90' title='bbox 492 1679 538 1723; x_wconf 91' lang='lat' dir='ltr'>ne</span> <span class='ocrx_word' id='word_1_91' title='bbox 560 1662 719 1750; x_wconf 74' lang='lat' dir='ltr'>accipere</span> <span class='ocrx_word' id='word_1_92' title='bbox 741 1655 922 1740; x_wconf 82' lang='lat' dir='ltr'><em>abnuant,</em></span> <span class='ocrx_word' id='word_1_93' title='bbox 945 1677 1077 1750; x_wconf 75' lang='lat' dir='ltr'>magno</span> <span class='ocrx_word' id='word_1_94' title='bbox 1096 1677 1204 1748; x_wconf 84' lang='lat' dir='ltr'>opere</span> <span class='ocrx_word' id='word_1_95' title='bbox 1223 1677 1263 1724; x_wconf 88' lang='lat' dir='ltr'>se</span> 
     </span>
     <span class='ocr_line' id='line_1_16' title="bbox 196 1767 1267 1860; baseline 0.002 -30"><span class='ocrx_word' id='word_1_96' title='bbox 196 1778 319 1857; x_wconf 80' lang='lat' dir='ltr'>patres</span> <span class='ocrx_word' id='word_1_97' title='bbox 336 1769 553 1858; x_wconf 86' lang='lat' dir='ltr'>conscriptos</span> <span class='ocrx_word' id='word_1_98' title='bbox 572 1789 687 1833; x_wconf 92' lang='lat' dir='ltr'>orare.</span> <span class='ocrx_word' id='word_1_99' title='bbox 710 1770 795 1832; x_wconf 87' lang='lat' dir='ltr'>Jam</span> <span class='ocrx_word' id='word_1_100' title='bbox 817 1770 978 1833; x_wconf 88' lang='lat' dir='ltr'>omnium</span> <span class='ocrx_word' id='word_1_101' title='bbox 992 1770 1155 1860; x_wconf 83' lang='lat' dir='ltr'>primum</span> <span class='ocrx_word' id='word_1_102' title='bbox 1176 1767 1267 1833; x_wconf 83' lang='lat' dir='ltr'>omi-</span> 
     </span>
     <span class='ocr_line' id='line_1_17' title="bbox 201 1872 1268 1970; baseline 0.004 -29"><span class='ocrx_word' id='word_1_103' title='bbox 201 1879 257 1941; x_wconf 88' lang='lat' dir='ltr'>nis</span> <span class='ocrx_word' id='word_1_104' title='bbox 276 1896 388 1942; x_wconf 89' lang='lat' dir='ltr'>causa</span> <span class='ocrx_word' id='word_1_105' title='bbox 405 1877 598 1942; x_wconf 83' lang='lat' dir='ltr'>Victoriam</span> <span class='ocrx_word' id='word_1_106' title='bbox 617 1898 767 1943; x_wconf 83' lang='lat' dir='ltr'>auream</span> <span class='ocrx_word' id='word_1_107' title='bbox 779 1872 909 1969; x_wconf 84' lang='lat' dir='ltr'>pondo</span> <span class='ocrx_word' id='word_1_108' title='bbox 928 1888 1115 1943; x_wconf 83' lang='lat' dir='ltr'>trecentum</span> <span class='ocrx_word' id='word_1_109' title='bbox 1136 1879 1268 1970; x_wconf 79' lang='lat' dir='ltr'>ut&#39;gtnii</span> 
     </span>
     <span class='ocr_line' id='line_1_18' title="bbox 202 1983 1269 2081; baseline 0.003 -29"><span class='ocrx_word' id='word_1_110' title='bbox 202 1983 337 2075; x_wconf 81' lang='lat' dir='ltr'>afferre</span> <span class='ocrx_word' id='word_1_111' title='bbox 351 2006 449 2052; x_wconf 88' lang='lat' dir='ltr'>sese:</span> <span class='ocrx_word' id='word_1_112' title='bbox 466 1988 666 2080; x_wconf 83' lang='lat' dir='ltr'>acciperent</span> <span class='ocrx_word' id='word_1_113' title='bbox 678 2008 761 2054; x_wconf 91' lang='lat' dir='ltr'>eam</span> <span class='ocrx_word' id='word_1_114' title='bbox 781 1999 1023 2081; x_wconf 84' lang='lat' dir='ltr'>tenerentque,</span> <span class='ocrx_word' id='word_1_115' title='bbox 1045 2005 1081 2055; x_wconf 87' lang='lat' dir='ltr'>et</span> <span class='ocrx_word' id='word_1_116' title='bbox 1091 1983 1269 2055; x_wconf 81' lang='lat' dir='ltr'>haberent</span> 
     </span>
     <span class='ocr_line' id='line_1_19' title="bbox 193 2093 1267 2192; baseline 0 -27"><span class='ocrx_word' id='word_1_117' title='bbox 193 2099 383 2191; x_wconf 80' lang='lat' dir='ltr'>propriam</span> <span class='ocrx_word' id='word_1_118' title='bbox 394 2108 651 2192; x_wconf 83' lang='lat' dir='ltr'>etperpetuam.</span> <span class='ocrx_word' id='word_1_119' title='bbox 664 2095 860 2165; x_wconf 77' lang='lat' dir='ltr'>Advenisse</span> <span class='ocrx_word' id='word_1_120' title='bbox 869 2100 977 2164; x_wconf 88' lang='lat' dir='ltr'>etiam</span> <span class='ocrx_word' id='word_1_121' title='bbox 988 2111 1141 2166; x_wconf 89' lang='lat' dir='ltr'>trecenta</span> <span class='ocrx_word' id='word_1_122' title='bbox 1152 2093 1267 2166; x_wconf 83' lang='lat' dir='ltr'>millia</span> 
     </span>
     <span class='ocr_line' id='line_1_20' title="bbox 204 2196 1265 2289; baseline 0 -14"><span class='ocrx_word' id='word_1_123' title='bbox 204 2203 363 2275; x_wconf 87' lang='lat' dir='ltr'>modium</span> <span class='ocrx_word' id='word_1_124' title='bbox 379 2209 503 2288; x_wconf 89' lang='lat' dir='ltr'>tritici,</span> <span class='ocrx_word' id='word_1_125' title='bbox 523 2196 675 2275; x_wconf 84' lang='lat' dir='ltr'>ducenta</span> <span class='ocrx_word' id='word_1_126' title='bbox 693 2203 839 2289; x_wconf 80' lang='lat' dir='ltr'>hordei,</span> <span class='ocrx_word' id='word_1_127' title='bbox 857 2228 902 2273; x_wconf 91' lang='lat' dir='ltr'>ne</span> <span class='ocrx_word' id='word_1_128' title='bbox 922 2223 1143 2276; x_wconf 83' lang='lat' dir='ltr'>commeatus</span> <span class='ocrx_word' id='word_1_129' title='bbox 1161 2205 1265 2275; x_wconf 86' lang='lat' dir='ltr'>dees-</span> 
     </span>
     <span class='ocr_line' id='line_1_21' title="bbox 201 2316 1264 2412; baseline -0.004 -26"><span class='ocrx_word' id='word_1_130' title='bbox 201 2322 299 2387; x_wconf 83' lang='lat' dir='ltr'>sent:</span> <span class='ocrx_word' id='word_1_131' title='bbox 313 2330 363 2401; x_wconf 91' lang='lat' dir='ltr'>et,</span> <span class='ocrx_word' id='word_1_132' title='bbox 380 2331 553 2411; x_wconf 86' lang='lat' dir='ltr'>quantum</span> <span class='ocrx_word' id='word_1_133' title='bbox 560 2332 739 2412; x_wconf 75' lang='lat' dir='ltr'>praeterea</span> <span class='ocrx_word' id='word_1_134' title='bbox 754 2339 844 2411; x_wconf 83' lang='lat' dir='ltr'>opus</span> <span class='ocrx_word' id='word_1_135' title='bbox 855 2328 961 2402; x_wconf 89' lang='lat' dir='ltr'>esset,</span> <span class='ocrx_word' id='word_1_136' title='bbox 976 2338 1049 2410; x_wconf 90' lang='lat' dir='ltr'>quo</span> <span class='ocrx_word' id='word_1_137' title='bbox 1053 2316 1264 2405; x_wconf 76' lang='lat' dir='ltr'>jussissent,</span> 
     </span>
     <span class='ocr_line' id='line_1_22' title="bbox 204 2423 1265 2522; baseline -0.004 -26"><span class='ocrx_word' id='word_1_138' title='bbox 204 2425 437 2496; x_wconf 73' lang='lat' dir='ltr'>subnecteres.</span> <span class='ocrx_word' id='word_1_139' title='bbox 453 2425 569 2495; x_wconf 85' lang='lat' dir='ltr'>Milite</span> <span class='ocrx_word' id='word_1_140' title='bbox 586 2432 692 2522; x_wconf 79' lang='lat' dir='ltr'>atque</span> <span class='ocrx_word' id='word_1_141' title='bbox 707 2429 826 2520; x_wconf 86' lang='lat' dir='ltr'>equite</span> <span class='ocrx_word' id='word_1_142' title='bbox 840 2429 947 2516; x_wconf 89' lang='lat' dir='ltr'>scire,</span> <span class='ocrx_word' id='word_1_143' title='bbox 964 2430 1035 2494; x_wconf 88' lang='lat' dir='ltr'>nisi</span> <span class='ocrx_word' id='word_1_144' title='bbox 1048 2449 1198 2494; x_wconf 90' lang='lat' dir='ltr'>romano</span> <span class='ocrx_word' id='word_1_145' title='bbox 1216 2423 1265 2493; x_wconf 92' lang='lat' dir='ltr'>la·</span> 
     </span>
     <span class='ocr_line' id='line_1_23' title="bbox 203 2533 1264 2632; baseline -0.001 -28"><span class='ocrx_word' id='word_1_146' title='bbox 203 2542 338 2627; x_wconf 80' lang='lat' dir='ltr'>tinique</span> <span class='ocrx_word' id='word_1_147' title='bbox 353 2540 505 2604; x_wconf 89' lang='lat' dir='ltr'>nominis</span> <span class='ocrx_word' id='word_1_148' title='bbox 515 2545 542 2621; x_wconf 81' lang='lat'>²,</span> <span class='ocrx_word' id='word_1_149' title='bbox 558 2559 631 2604; x_wconf 91' lang='lat' dir='ltr'>non</span> <span class='ocrx_word' id='word_1_150' title='bbox 647 2541 700 2604; x_wconf 90' lang='lat' dir='ltr'>uti</span> <span class='ocrx_word' id='word_1_151' title='bbox 707 2534 887 2632; x_wconf 76' lang='lat' dir='ltr'>populum</span> <span class='ocrx_word' id='word_1_152' title='bbox 904 2559 1098 2605; x_wconf 88' lang='lat' dir='ltr'>romanum</span> <span class='ocrx_word' id='word_1_153' title='bbox 1112 2533 1264 2604; x_wconf 80' lang='lat' dir='ltr'>:levium</span> 
     </span>
     <span class='ocr_line' id='line_1_24' title="bbox 206 2639 1330 2714; baseline -0.002 0"><span class='ocrx_word' id='word_1_154' title='bbox 206 2668 387 2714; x_wconf 86' lang='lat' dir='ltr'>armorum</span> <span class='ocrx_word' id='word_1_155' title='bbox 402 2639 571 2714; x_wconf 79' lang='lat' dir='ltr'>auxilia³</span> <span class='ocrx_word' id='word_1_156' title='bbox 590 2649 697 2713; x_wconf 87' lang='lat' dir='ltr'>etiam</span> <span class='ocrx_word' id='word_1_157' title='bbox 710 2661 856 2714; x_wconf 77' lang='lat' dir='ltr'>externa</span> <span class='ocrx_word' id='word_1_158' title='bbox 870 2650 1001 2714; x_wconf 83' lang='lat' dir='ltr'>uidisse</span> <span class='ocrx_word' id='word_1_159' title='bbox 1016 2649 1054 2713; x_wconf 94' lang='lat' dir='ltr'>in</span> <span class='ocrx_word' id='word_1_160' title='bbox 1069 2650 1191 2714; x_wconf 70' lang='lat' dir='ltr'>castrii</span> <span class='ocrx_word' id='word_1_161' title='bbox 1205 2667 1265 2712; x_wconf 86' lang='lat' dir='ltr'>to·</span> <span class='ocrx_word' id='word_1_162' title='bbox 1327 2662 1330 2668; x_wconf 83' lang='grc'><strong>’</strong></span> 
     </span>
    </p>
   </div>
   <div class='ocr_carea' id='block_1_7' title="bbox 205 2752 1266 2851">
    <p class='ocr_par' dir='ltr' id='par_1_8' title="bbox 205 2752 1266 2851">
     <span class='ocr_line' id='line_1_25' title="bbox 205 2752 1266 2851; baseline 0.001 -28"><span class='ocrx_word' id='word_1_163' title='bbox 205 2759 333 2823; x_wconf 85' lang='lat' dir='ltr'>manr’s.</span> <span class='ocrx_word' id='word_1_164' title='bbox 350 2759 481 2849; x_wconf 88' lang='lat' dir='ltr'>Itaque</span> <span class='ocrx_word' id='word_1_165' title='bbox 504 2757 636 2825; x_wconf 87' lang='lat' dir='ltr'>misisse</span> <span class='ocrx_word' id='word_1_166' title='bbox 654 2753 750 2824; x_wconf 88' lang='lat' dir='ltr'>mille</span> <span class='ocrx_word' id='word_1_167' title='bbox 769 2761 1026 2851; x_wconf 76' lang='lat' dir='ltr'>sagittariorum</span> <span class='ocrx_word' id='word_1_168' title='bbox 1047 2780 1091 2824; x_wconf 90' lang='lat' dir='ltr'>ae</span> <span class='ocrx_word' id='word_1_169' title='bbox 1099 2752 1266 2846; x_wconf 86' lang='lat' dir='ltr'>fundito-</span> 
     </span>
    </p>
   </div>
   <div class='ocr_carea' id='block_1_8' title="bbox 202 2959 1265 3107">
    <p class='ocr_par' dir='ltr' id='par_1_9' title="bbox 202 2959 1265 3107">
     <span class='ocr_line' id='line_1_26' title="bbox 204 2959 1265 3032; baseline 0.002 -19"><span class='ocrx_word' id='word_1_170' title='bbox 204 2965 340 3031; x_wconf 76' lang='lat' dir='ltr'>-Legati</span> <span class='ocrx_word' id='word_1_171' title='bbox 351 2982 368 3013; x_wconf 92' lang='lat' dir='ltr'>a</span> <span class='ocrx_word' id='word_1_172' title='bbox 381 2969 476 3022; x_wconf 80' lang='lat' dir='ltr'>Pasto,·</span> <span class='ocrx_word' id='word_1_173' title='bbox 484 2980 508 3013; x_wconf 76' lang='lat' dir='ltr'>r.</span> <span class='ocrx_word' id='word_1_174' title='bbox 519 2965 551 3013; x_wconf 79' lang='lat' dir='ltr'>ed</span> <span class='ocrx_word' id='word_1_175' title='bbox 559 2959 602 3014; x_wconf 75' lang='lat' dir='ltr'>lihL</span> <span class='ocrx_word' id='word_1_176' title='bbox 611 2969 648 3026; x_wconf 78' lang='lat' dir='ltr'>X,</span> <span class='ocrx_word' id='word_1_177' title='bbox 659 2972 711 3032; x_wconf 79' lang='lat' dir='ltr'>cap.</span> <span class='ocrx_word' id='word_1_178' title='bbox 754 2968 802 3015; x_wconf 81' lang='lat' dir='ltr'>bos</span> <span class='ocrx_word' id='word_1_179' title='bbox 811 2969 935 3024; x_wconf 77' lang='lat'>231‚250;</span> <span class='ocrx_word' id='word_1_180' title='bbox 944 2978 968 3015; x_wconf 84' lang='lat' dir='ltr'>et</span> <span class='ocrx_word' id='word_1_181' title='bbox 978 2968 1265 3015; x_wconf 77' lang='lat' dir='ltr'>ducentamilliitnostm-</span> 
     </span>
     <span class='ocr_line' id='line_1_27' title="bbox 202 3046 1113 3107; baseline 0 -13"><span class='ocrx_word' id='word_1_182' title='bbox 202 3054 254 3107; x_wconf 61' lang='grc' dir='ltr'>η,</span> <span class='ocrx_word' id='word_1_183' title='bbox 265 3062 290 3093; x_wconf 86' lang='lat' dir='ltr'>n.</span> <span class='ocrx_word' id='word_1_184' title='bbox 299 3061 324 3092; x_wconf 83' lang='lat'>2.</span> <span class='ocrx_word' id='word_1_185' title='bbox 716 3074 719 3085; x_wconf 83' lang='lat'><strong>·</strong></span> <span class='ocrx_word' id='word_1_186' title='bbox 756 3046 822 3095; x_wconf 86' lang='lat' dir='ltr'>tibus</span> <span class='ocrx_word' id='word_1_187' title='bbox 831 3049 929 3095; x_wconf 85' lang='lat' dir='ltr'>circiter</span> <span class='ocrx_word' id='word_1_188' title='bbox 940 3047 1056 3106; x_wconf 60' lang='lat' dir='ltr'>:senos</span> <span class='ocrx_word' id='word_1_189' title='bbox 1068 3050 1113 3095; x_wconf 84' lang='lat' dir='ltr'>Eo.</span> 
     </span>
    </p>
   </div>
   <div class='ocr_carea' id='block_1_9' title="bbox 202 3122 714 3726">
    <p class='ocr_par' dir='ltr' id='par_1_10' title="bbox 240 3122 712 3187">
     <span class='ocr_line' id='line_1_28' title="bbox 240 3122 712 3187; baseline 0.004 -16"><span class='ocrx_word' id='word_1_190' title='bbox 240 3122 588 3186; x_wconf 79' lang='lat' dir='ltr'>12.Sieu&#39;tNeapoIitanis;v.</span> <span class='ocrx_word' id='word_1_191' title='bbox 603 3138 655 3187; x_wconf 75' lang='lat' dir='ltr'>cap.</span> <span class='ocrx_word' id='word_1_192' title='bbox 671 3124 712 3173; x_wconf 75' lang='lat'>3².</span> 
     </span>
    </p>

    <p class='ocr_par' dir='ltr' id='par_1_11' title="bbox 202 3202 714 3726">
     <span class='ocr_line' id='line_1_29' title="bbox 240 3202 714 3252; baseline -0.004 0"><span class='ocrx_word' id='word_1_193' title='bbox 240 3205 299 3252; x_wconf 76' lang='lat' dir='ltr'>Ctr.</span> <span class='ocrx_word' id='word_1_194' title='bbox 309 3202 443 3250; x_wconf 87' lang='lat' dir='ltr'>XXXVII.</span> <span class='ocrx_word' id='word_1_195' title='bbox 458 3220 480 3249; x_wconf 89' lang='lat'>1.</span> <span class='ocrx_word' id='word_1_196' title='bbox 489 3203 528 3249; x_wconf 80' lang='lat' dir='ltr'>Ab</span> <span class='ocrx_word' id='word_1_197' title='bbox 535 3202 643 3249; x_wconf 77' lang='lat' dir='ltr'>Hierone</span> <span class='ocrx_word' id='word_1_198' title='bbox 653 3203 714 3250; x_wconf 83' lang='lat' dir='ltr'>clas·</span> 
     </span>
     <span class='ocr_line' id='line_1_30' title="bbox 204 3281 713 3341; baseline -0.002 -10"><span class='ocrx_word' id='word_1_199' title='bbox 204 3281 236 3331; x_wconf 86' lang='lat' dir='ltr'>sis</span> <span class='ocrx_word' id='word_1_200' title='bbox 251 3282 344 3330; x_wconf 84' lang='lat' dir='ltr'>Ostiam</span> <span class='ocrx_word' id='word_1_201' title='bbox 361 3282 475 3338; x_wconf 83' lang='lat' dir='ltr'>accessit,·</span> <span class='ocrx_word' id='word_1_202' title='bbox 488 3282 545 3328; x_wconf 84' lang='lat' dir='ltr'>vide</span> <span class='ocrx_word' id='word_1_203' title='bbox 559 3282 590 3330; x_wconf 82' lang='lat' dir='ltr'>ad</span> <span class='ocrx_word' id='word_1_204' title='bbox 599 3283 713 3341; x_wconf 85' lang='lat' dir='ltr'>XXVII,</span> 
     </span>
     <span class='ocr_line' id='line_1_31' title="bbox 202 3360 713 3426; baseline -0.004 -16"><span class='ocrx_word' id='word_1_205' title='bbox 202 3363 234 3420; x_wconf 65' lang='grc' dir='ltr'>ὅ,</span> <span class='ocrx_word' id='word_1_206' title='bbox 245 3377 271 3408; x_wconf 85' lang='lat' dir='ltr'>n.</span> <span class='ocrx_word' id='word_1_207' title='bbox 285 3370 309 3417; x_wconf 77' lang='grc'>4.</span> <span class='ocrx_word' id='word_1_208' title='bbox 323 3388 357 3399; x_wconf 85' lang='lat'>·-</span> <span class='ocrx_word' id='word_1_209' title='bbox 376 3360 569 3426; x_wconf 81' lang='lat' dir='ltr'>Magnitudinem</span> <span class='ocrx_word' id='word_1_210' title='bbox 577 3361 665 3425; x_wconf 83' lang='lat' dir='ltr'>popttli</span> <span class='ocrx_word' id='word_1_211' title='bbox 673 3376 713 3408; x_wconf 89' lang='lat' dir='ltr'>ro·</span> 
     </span>
     <span class='ocr_line' id='line_1_32' title="bbox 204 3437 712 3498; baseline -0.004 -10"><span class='ocrx_word' id='word_1_212' title='bbox 204 3441 288 3497; x_wconf 85' lang='lat' dir='ltr'>mani,</span> <span class='ocrx_word' id='word_1_213' title='bbox 302 3451 347 3487; x_wconf 88' lang='lat' dir='ltr'>etc.</span> <span class='ocrx_word' id='word_1_214' title='bbox 356 3457 363 3497; x_wconf 92' lang='lat'>;</span> <span class='ocrx_word' id='word_1_215' title='bbox 372 3439 429 3486; x_wconf 73' lang='lat' dir='ltr'>vIde</span> <span class='ocrx_word' id='word_1_216' title='bbox 440 3439 471 3486; x_wconf 84' lang='lat' dir='ltr'>ad</span> <span class='ocrx_word' id='word_1_217' title='bbox 478 3437 593 3498; x_wconf 83' lang='lat' dir='ltr'>XXVII,</span> <span class='ocrx_word' id='word_1_218' title='bbox 605 3448 680 3496; x_wconf 56' lang='grc' dir='ltr'>ιω.</span> <span class='ocrx_word' id='word_1_219' title='bbox 691 3456 712 3486; x_wconf 87' lang='lat'>1.</span> 
     </span>
     <span class='ocr_line' id='line_1_33' title="bbox 203 3518 712 3585; baseline -0.004 -19"><span class='ocrx_word' id='word_1_220' title='bbox 203 3533 241 3556; x_wconf 73' lang='lat'>&#39;·-</span> <span class='ocrx_word' id='word_1_221' title='bbox 256 3518 389 3566; x_wconf 84' lang='lat' dir='ltr'>Victoriam</span> <span class='ocrx_word' id='word_1_222' title='bbox 407 3532 508 3585; x_wconf 84' lang='lat' dir='ltr'>auream</span> <span class='ocrx_word' id='word_1_223' title='bbox 521 3518 606 3581; x_wconf 88' lang='lat' dir='ltr'>pondo</span> <span class='ocrx_word' id='word_1_224' title='bbox 623 3529 712 3565; x_wconf 86' lang='lat' dir='ltr'>trecen-</span> 
     </span>
     <span class='ocr_line' id='line_1_34' title="bbox 206 3597 713 3656; baseline -0.004 -11"><span class='ocrx_word' id='word_1_225' title='bbox 206 3609 256 3649; x_wconf 81' lang='lat' dir='ltr'>tum</span> <span class='ocrx_word' id='word_1_226' title='bbox 270 3614 318 3655; x_wconf 76' lang='lat'>2⁰3</span> <span class='ocrx_word' id='word_1_227' title='bbox 331 3597 388 3644; x_wconf 86' lang='lat' dir='ltr'>vide</span> <span class='ocrx_word' id='word_1_228' title='bbox 398 3597 430 3644; x_wconf 83' lang='lat' dir='ltr'>od</span> <span class='ocrx_word' id='word_1_229' title='bbox 441 3599 533 3656; x_wconf 86' lang='lat' dir='ltr'>XXX,</span> <span class='ocrx_word' id='word_1_230' title='bbox 545 3609 627 3654; x_wconf 70' lang='lat' dir='ltr'>emi.</span> <span class='ocrx_word' id='word_1_231' title='bbox 642 3614 664 3646; x_wconf 87' lang='lat'>1.</span> <span class='ocrx_word' id='word_1_232' title='bbox 678 3625 713 3633; x_wconf 92' lang='lat'>—</span> 
     </span>
     <span class='ocr_line' id='line_1_35' title="bbox 206 3674 713 3726; baseline 0 -3"><span class='ocrx_word' id='word_1_233' title='bbox 206 3674 322 3724; x_wconf 79' lang='lat' dir='ltr'>Trecenta</span> <span class='ocrx_word' id='word_1_234' title='bbox 332 3674 408 3723; x_wconf 85' lang='lat' dir='ltr'>millia</span> <span class='ocrx_word' id='word_1_235' title='bbox 417 3675 533 3724; x_wconf 88' lang='lat' dir='ltr'>modium.</span> <span class='ocrx_word' id='word_1_236' title='bbox 544 3676 568 3723; x_wconf 92' lang='lat' dir='ltr'>Si</span> <span class='ocrx_word' id='word_1_237' title='bbox 575 3677 713 3726; x_wconf 80' lang='lat' dir='ltr'>Crevetium</span> 
     </span>
    </p>
   </div>
   <div class='ocr_carea' id='block_1_10' title="bbox 755 3126 1266 3742">
    <p class='ocr_par' dir='ltr' id='par_1_12' title="bbox 755 3126 1266 3742">
     <span class='ocr_line' id='line_1_36' title="bbox 792 3126 1264 3190; baseline 0 -16"><span class='ocrx_word' id='word_1_238' title='bbox 792 3144 818 3174; x_wconf 84' lang='lat'>2.</span> <span class='ocrx_word' id='word_1_239' title='bbox 830 3127 908 3174; x_wconf 84' lang='lat' dir='ltr'>Milite</span> <span class='ocrx_word' id='word_1_240' title='bbox 923 3139 997 3190; x_wconf 86' lang='lat' dir='ltr'>atque</span> <span class='ocrx_word' id='word_1_241' title='bbox 1010 3127 1089 3190; x_wconf 85' lang='lat' dir='ltr'>equite</span> <span class='ocrx_word' id='word_1_242' title='bbox 1100 3126 1148 3174; x_wconf 87' lang='lat' dir='ltr'>nist&#39;</span> <span class='ocrx_word' id='word_1_243' title='bbox 1160 3143 1264 3174; x_wconf 88' lang='lat' dir='ltr'>romano</span> 
     </span>
     <span class='ocr_line' id='line_1_37' title="bbox 758 3204 1264 3270; baseline 0 -17"><span class='ocrx_word' id='word_1_244' title='bbox 758 3204 875 3270; x_wconf 83' lang='lat' dir='ltr'>latinique</span> <span class='ocrx_word' id='word_1_245' title='bbox 883 3206 997 3263; x_wconf 89' lang='lat' dir='ltr'>nominis,</span> <span class='ocrx_word' id='word_1_246' title='bbox 1008 3216 1053 3253; x_wconf 88' lang='lat' dir='ltr'>eto.</span> <span class='ocrx_word' id='word_1_247' title='bbox 1062 3223 1070 3264; x_wconf 68' lang='grc' dir='ltr'><strong>ς</strong></span> <span class='ocrx_word' id='word_1_248' title='bbox 1080 3206 1135 3253; x_wconf 86' lang='lat' dir='ltr'>vide</span> <span class='ocrx_word' id='word_1_249' title='bbox 1143 3206 1174 3253; x_wconf 85' lang='lat' dir='ltr'>ad</span> <span class='ocrx_word' id='word_1_250' title='bbox 1184 3210 1209 3264; x_wconf 89' lang='lat'>1,</span> <span class='ocrx_word' id='word_1_251' title='bbox 1219 3221 1264 3264; x_wconf 79' lang='lat' dir='ltr'>ro,</span> 
     </span>
     <span class='ocr_line' id='line_1_38' title="bbox 756 3284 1263 3344; baseline 0.002 -12"><span class='ocrx_word' id='word_1_252' title='bbox 756 3301 781 3333; x_wconf 83' lang='lat' dir='ltr'>n.</span> <span class='ocrx_word' id='word_1_253' title='bbox 795 3284 825 3343; x_wconf 67' lang='grc' dir='ltr'>α’,</span> <span class='ocrx_word' id='word_1_254' title='bbox 836 3297 860 3332; x_wconf 88' lang='lat' dir='ltr'>et</span> <span class='ocrx_word' id='word_1_255' title='bbox 868 3286 944 3342; x_wconf 84' lang='lat' dir='ltr'>XXI,</span> <span class='ocrx_word' id='word_1_256' title='bbox 956 3286 1002 3344; x_wconf 79' lang='lat'>55,</span> <span class='ocrx_word' id='word_1_257' title='bbox 1012 3302 1038 3333; x_wconf 87' lang='lat' dir='ltr'>n.</span> <span class='ocrx_word' id='word_1_258' title='bbox 1048 3287 1072 3333; x_wconf 88' lang='grc'>6.</span> <span class='ocrx_word' id='word_1_259' title='bbox 1083 3286 1173 3334; x_wconf 79' lang='lat' dir='ltr'>Milites</span> <span class='ocrx_word' id='word_1_260' title='bbox 1182 3297 1263 3333; x_wconf 81' lang='lat' dir='ltr'>autem</span> 
     </span>
     <span class='ocr_line' id='line_1_39' title="bbox 757 3364 1265 3429; baseline 0.002 -19"><span class='ocrx_word' id='word_1_261' title='bbox 757 3368 821 3428; x_wconf 77' lang='lat' dir='ltr'>siepe</span> <span class='ocrx_word' id='word_1_262' title='bbox 826 3364 942 3411; x_wconf 76' lang='lat' dir='ltr'>dicuntur</span> <span class='ocrx_word' id='word_1_263' title='bbox 944 3364 1047 3426; x_wconf 82' lang='lat' dir='ltr'>pedites,</span> <span class='ocrx_word' id='word_1_264' title='bbox 1058 3369 1082 3412; x_wconf 82' lang='lat' dir='ltr'>et</span> <span class='ocrx_word' id='word_1_265' title='bbox 1090 3365 1212 3428; x_wconf 85' lang='lat' dir='ltr'>equitibus</span> <span class='ocrx_word' id='word_1_266' title='bbox 1218 3380 1265 3429; x_wconf 89' lang='lat' dir='ltr'>op-</span> 
     </span>
     <span class='ocr_line' id='line_1_40' title="bbox 756 3444 1266 3507; baseline 0.004 -18"><span class='ocrx_word' id='word_1_267' title='bbox 756 3453 883 3507; x_wconf 86' lang='lat' dir='ltr'>ponuntur</span> <span class='ocrx_word' id='word_1_268' title='bbox 890 3444 923 3502; x_wconf 90' lang='lat' dir='ltr'>(v.</span> <span class='ocrx_word' id='word_1_269' title='bbox 931 3459 984 3505; x_wconf 87' lang='lat' dir='ltr'>cap.</span> <span class='ocrx_word' id='word_1_270' title='bbox 992 3444 1092 3501; x_wconf 85' lang='lat' dir='ltr'>XXVI,</span> <span class='ocrx_word' id='word_1_271' title='bbox 1101 3460 1135 3506; x_wconf 77' lang='lat'>29</span> <span class='ocrx_word' id='word_1_272' title='bbox 1142 3460 1149 3502; x_wconf 81' lang='lat'>3</span> <span class='ocrx_word' id='word_1_273' title='bbox 1155 3445 1266 3503; x_wconf 86' lang='lat' dir='ltr'>XXVII,</span> 
     </span>
     <span class='ocr_line' id='line_1_41' title="bbox 757 3521 1264 3586; baseline 0.002 -18"><span class='ocrx_word' id='word_1_274' title='bbox 757 3522 802 3579; x_wconf 79' lang='lat' dir='ltr'>se,</span> <span class='ocrx_word' id='word_1_275' title='bbox 815 3537 840 3567; x_wconf 79' lang='lat' dir='ltr'>n.</span> <span class='ocrx_word' id='word_1_276' title='bbox 858 3522 886 3580; x_wconf 79' lang='lat'>53</span> <span class='ocrx_word' id='word_1_277' title='bbox 900 3523 1028 3580; x_wconf 80' lang='lat' dir='ltr'>xxvtn,</span> <span class='ocrx_word' id='word_1_278' title='bbox 1045 3537 1072 3580; x_wconf 90' lang='lat'>1;</span> <span class='ocrx_word' id='word_1_279' title='bbox 1084 3525 1194 3580; x_wconf 77' lang='lat' dir='ltr'>xxxv,</span> <span class='ocrx_word' id='word_1_280' title='bbox 1207 3521 1264 3586; x_wconf 75' lang='lat'>23),</span> 
     </span>
     <span class='ocr_line' id='line_1_42' title="bbox 756 3600 1266 3664; baseline -0.006 -15"><span class='ocrx_word' id='word_1_281' title='bbox 756 3603 785 3650; x_wconf 79' lang='lat' dir='ltr'>ut</span> <span class='ocrx_word' id='word_1_282' title='bbox 794 3600 890 3659; x_wconf 77' lang='grc' dir='ltr'><strong>ὁπλίτες</strong></span> <span class='ocrx_word' id='word_1_283' title='bbox 901 3601 1026 3664; x_wconf 75' lang='grc' dir='ltr'>ἱππεῦσιν,</span> <span class='ocrx_word' id='word_1_284' title='bbox 1034 3616 1061 3652; x_wconf 82' lang='lat' dir='ltr'>et</span> <span class='ocrx_word' id='word_1_285' title='bbox 1072 3604 1190 3648; x_wconf 79' lang='lat' dir='ltr'>exercitus</span> <span class='ocrx_word' id='word_1_286' title='bbox 1199 3601 1266 3662; x_wconf 86' lang='lat' dir='ltr'>equi-</span> 
     </span>
     <span class='ocr_line' id='line_1_43' title="bbox 755 3679 1264 3742; baseline 0.002 -17"><span class='ocrx_word' id='word_1_287' title='bbox 755 3681 816 3726; x_wconf 82' lang='lat' dir='ltr'>tatui</span> <span class='ocrx_word' id='word_1_288' title='bbox 826 3681 915 3739; x_wconf 84' lang='lat' dir='ltr'>XXX,</span> <span class='ocrx_word' id='word_1_289' title='bbox 930 3681 962 3727; x_wconf 81' lang='lat'>36</span> <span class='ocrx_word' id='word_1_290' title='bbox 971 3698 977 3737; x_wconf 93' lang='lat'>;</span> <span class='ocrx_word' id='word_1_291' title='bbox 986 3683 1045 3739; x_wconf 85' lang='lat' dir='ltr'>XL,</span> <span class='ocrx_word' id='word_1_292' title='bbox 1058 3681 1089 3728; x_wconf 75' lang='lat'>52</span> <span class='ocrx_word' id='word_1_293' title='bbox 1096 3714 1103 3738; x_wconf 93' lang='lat'>,</span> <span class='ocrx_word' id='word_1_294' title='bbox 1111 3691 1185 3742; x_wconf 70' lang='lat' dir='ltr'>atque</span> <span class='ocrx_word' id='word_1_295' title='bbox 1193 3679 1264 3726; x_wconf 77' lang='lat' dir='ltr'>classi</span> 
     </span>
    </p>
   </div>
   <div class='ocr_carea' id='block_1_11' title="bbox 203 3749 1263 4058">
    <p class='ocr_par' dir='ltr' id='par_1_13' title="bbox 203 3749 1263 4058">
     <span class='ocr_line' id='line_1_44' title="bbox 206 3749 1263 3818; baseline 0.002 -16"><span class='ocrx_word' id='word_1_296' title='bbox 206 3753 341 3817; x_wconf 73' lang='lat' dir='ltr'>sequimur,</span> <span class='ocrx_word' id='word_1_297' title='bbox 352 3754 407 3801; x_wconf 76' lang='lat' dir='ltr'>haec</span> <span class='ocrx_word' id='word_1_298' title='bbox 419 3754 452 3801; x_wconf 81' lang='lat' dir='ltr'>ita</span> <span class='ocrx_word' id='word_1_299' title='bbox 467 3755 604 3818; x_wconf 82' lang='lat' dir='ltr'>capiemus:</span> <span class='ocrx_word' id='word_1_300' title='bbox 619 3755 713 3802; x_wconf 80' lang='lat' dir='ltr'>modius</span> <span class='ocrx_word' id='word_1_301' title='bbox 756 3749 856 3814; x_wconf 83' lang='lat' dir='ltr'>XXVI,</span> <span class='ocrx_word' id='word_1_302' title='bbox 865 3766 906 3813; x_wconf 70' lang='lat' dir='ltr'>tn.</span> <span class='ocrx_word' id='word_1_303' title='bbox 916 3759 1088 3808; x_wconf 85' lang='lat' dir='ltr'>ConierGron.</span> <span class='ocrx_word' id='word_1_304' title='bbox 1097 3759 1128 3806; x_wconf 79' lang='lat' dir='ltr'>&#39;ad</span> <span class='ocrx_word' id='word_1_305' title='bbox 1135 3758 1263 3816; x_wconf 86' lang='lat' dir='ltr'>XXVIII,</span> 
     </span>
     <span class='ocr_line' id='line_1_45' title="bbox 205 3832 1263 3896; baseline 0.004 -16"><span class='ocrx_word' id='word_1_306' title='bbox 205 3846 320 3880; x_wconf 77' lang='lat' dir='ltr'>romanus</span> <span class='ocrx_word' id='word_1_307' title='bbox 333 3832 413 3880; x_wconf 85' lang='lat' dir='ltr'>minor</span> <span class='ocrx_word' id='word_1_308' title='bbox 431 3844 481 3880; x_wconf 79' lang='lat' dir='ltr'>erat</span> <span class='ocrx_word' id='word_1_309' title='bbox 500 3845 598 3891; x_wconf 88' lang='lat' dir='ltr'>nostro,</span> <span class='ocrx_word' id='word_1_310' title='bbox 618 3845 642 3881; x_wconf 87' lang='lat' dir='ltr'>et</span> <span class='ocrx_word' id='word_1_311' title='bbox 662 3835 713 3894; x_wconf 79' lang='lat' dir='ltr'>ejus</span> <span class='ocrx_word' id='word_1_312' title='bbox 760 3853 787 3896; x_wconf 92' lang='lat'>1;</span> <span class='ocrx_word' id='word_1_313' title='bbox 806 3838 885 3885; x_wconf 82' lang='lat' dir='ltr'>Graev.</span> <span class='ocrx_word' id='word_1_314' title='bbox 899 3838 928 3884; x_wconf 82' lang='lat' dir='ltr'>ed</span> <span class='ocrx_word' id='word_1_315' title='bbox 942 3840 1031 3886; x_wconf 86' lang='lat' dir='ltr'>Justin.</span> <span class='ocrx_word' id='word_1_316' title='bbox 1043 3839 1114 3891; x_wconf 85' lang='lat' dir='ltr'>XIII,</span> <span class='ocrx_word' id='word_1_317' title='bbox 1129 3839 1160 3896; x_wconf 82' lang='lat'>3,</span> <span class='ocrx_word' id='word_1_318' title='bbox 1175 3834 1263 3885; x_wconf 67' lang='lat' dir='ltr'>etCie.</span> 
     </span>
     <span class='ocr_line' id='line_1_46' title="bbox 205 3909 1262 3982; baseline 0.007 -25"><span class='ocrx_word' id='word_1_319' title='bbox 205 3910 349 3959; x_wconf 79' lang='lat' dir='ltr'>dodrantem</span> <span class='ocrx_word' id='word_1_320' title='bbox 376 3912 449 3977; x_wconf 81' lang='lat' dir='ltr'>paolo</span> <span class='ocrx_word' id='word_1_321' title='bbox 478 3911 533 3976; x_wconf 82' lang='lat' dir='ltr'>plus</span> <span class='ocrx_word' id='word_1_322' title='bbox 563 3912 711 3961; x_wconf 84' lang='lat' dir='ltr'>continebat.</span> <span class='ocrx_word' id='word_1_323' title='bbox 752 3909 1262 3982; x_wconf 70' lang='lat' dir='ltr'>‘thtv.x,10;tntpp.ve1tet.11,15,</span> 
     </span>
     <span class='ocr_line' id='line_1_47' title="bbox 203 3984 1061 4058; baseline 0.01 -23"><span class='ocrx_word' id='word_1_324' title='bbox 203 3987 322 4037; x_wconf 71' lang='lat' dir='ltr'>Trecenta</span> <span class='ocrx_word' id='word_1_325' title='bbox 337 3991 411 4054; x_wconf 77' lang='lat' dir='ltr'>igitur</span> <span class='ocrx_word' id='word_1_326' title='bbox 425 3984 498 4038; x_wconf 81' lang='lat' dir='ltr'>miliia</span> <span class='ocrx_word' id='word_1_327' title='bbox 510 3991 619 4039; x_wconf 84' lang='lat' dir='ltr'>modium</span> <span class='ocrx_word' id='word_1_328' title='bbox 633 4008 712 4039; x_wconf 84' lang='lat' dir='ltr'>roma-</span> <span class='ocrx_word' id='word_1_329' title='bbox 753 4006 781 4043; x_wconf 84' lang='lat' dir='ltr'>·et</span> <span class='ocrx_word' id='word_1_330' title='bbox 792 3997 876 4044; x_wconf 78' lang='lat' dir='ltr'>Front.</span> <span class='ocrx_word' id='word_1_331' title='bbox 889 3995 927 4053; x_wconf 82' lang='lat' dir='ltr'>tt,</span> <span class='ocrx_word' id='word_1_332' title='bbox 940 3997 969 4055; x_wconf 87' lang='grc'>5,</span> <span class='ocrx_word' id='word_1_333' title='bbox 979 4014 1005 4045; x_wconf 89' lang='lat' dir='ltr'>n.</span> <span class='ocrx_word' id='word_1_334' title='bbox 1019 3999 1061 4058; x_wconf 79' lang='lat'>37.</span> 
     </span>
    </p>
   </div>
   <div class='ocr_carea' id='block_1_12' title="bbox 205 4070 1265 4139">
    <p class='ocr_par' dir='ltr' id='par_1_14' title="bbox 205 4070 1265 4139">
     <span class='ocr_line' id='line_1_48' title="bbox 205 4070 1265 4139; baseline 0.004 -23"><span class='ocrx_word' id='word_1_335' title='bbox 205 4084 293 4116; x_wconf 86' lang='lat' dir='ltr'>norum</span> <span class='ocrx_word' id='word_1_336' title='bbox 306 4070 484 4134; x_wconf 76' lang='lat' dir='ltr'>aequiparantur</span> <span class='ocrx_word' id='word_1_337' title='bbox 495 4072 585 4119; x_wconf 83' lang='lat' dir='ltr'>modiis</span> <span class='ocrx_word' id='word_1_338' title='bbox 600 4071 712 4119; x_wconf 83' lang='lat' dir='ltr'>nostrati·</span> <span class='ocrx_word' id='word_1_339' title='bbox 792 4075 815 4121; x_wconf 80' lang='lat'>3.</span> <span class='ocrx_word' id='word_1_340' title='bbox 838 4075 935 4124; x_wconf 82' lang='lat' dir='ltr'>Lerittm</span> <span class='ocrx_word' id='word_1_341' title='bbox 952 4090 1076 4124; x_wconf 85' lang='lat' dir='ltr'>armorum</span> <span class='ocrx_word' id='word_1_342' title='bbox 1098 4076 1198 4125; x_wconf 81' lang='lat' dir='ltr'>auxilia</span> <span class='ocrx_word' id='word_1_343' title='bbox 1215 4085 1265 4139; x_wconf 64' lang='grc' dir='ltr'>μη</span> 
     </span>
    </p>
   </div>
   <div class='ocr_carea' id='block_1_13' title="bbox 0 0 1400 4568">
    <p class='ocr_par' dir='ltr' id='par_1_15' title="bbox 0 0 1400 4568">
     <span class='ocr_line' id='line_1_49' title="bbox 0 0 1400 4568; baseline 0 0"><span class='ocrx_word' id='word_1_344' title='bbox 0 0 1400 4568; x_wconf 95' lang='lat' dir='ltr'> </span> 
     </span>
    </p>
   </div>
  </div>
 </body>
</html>
