2782 4568
156 319 225 394 350
568 320 607 385 r.
641 320 781 386 mvn
956 394 960 403 ,
1065 294 1197 415 ἑζὲῐέἑξῑ

153 448 353 514 Messanam
373 441 513 537 repetit.
539 439 672 510 Eadem
693 452 812 510 aestate
833 440 1022 510 Marcellus
1041 439 1087 511 ab
1107 444 1222 532 Nola,

156 577 263 650 quam
272 550 438 649 praesidio
449 548 648 635 obtinebat,
659 549 1224 647 crebrasexcursionesinagium
1304 590 1309 613 ι

155 661 341 758 hirpinum
357 675 392 731 et
407 661 584 730 Samnites
600 657 878 731 Caudinosfecit
893 661 1078 757 :adeoque
1095 664 1223 735 omnia

155 770 252 842 ferro
266 787 374 875 atque
383 771 456 866 igni
467 771 632 857 vastavit,
643 785 684 840 ut
700 772 929 867 antiquarum
947 772 1104 843 cladium
1119 776 1221 843 Sam·

156 883 218 950 nio
230 882 438 952 memoriam
459 894 658 951 renovaret.

205 997 311 1063 XLII.
328 996 454 1087 ltaque
469 990 651 1088 extemplo
666 992 788 1088 legati,
806 991 850 1062 ad
866 991 1107 1063 Hannibalem
1121 994 1222 1064 missi

158 1102 264 1173 simul
284 1127 328 1173 ex
350 1116 503 1198 utraque
522 1115 650 1197 gente,
673 1104 721 1171 ita
737 1107 889 1172 Poenum
910 1101 1087 1197 alloquuti
1105 1117 1220 1172 sunt:

158 1243 175 1278 ιι
189 1219 317 1283 Hostes
330 1212 621 1309 populiromani,
631 1210 823 1299 Hannibal,
836 1209 969 1282 fuimus
983 1214 1144 1309 primum
1158 1236 1222 1310 per

159 1324 355 1419 «nosipsi,
370 1322 491 1419 quoad
507 1337 630 1392 nostra
644 1347 758 1410 arma,
774 1337 904 1392 nostrae
920 1325 1012 1394 vires
1029 1349 1098 1394 nos
1112 1322 1222 1393 tutari

159 1462 176 1496 u
190 1446 369 1530 poterant.
380 1435 573 1528 Postquam
585 1433 626 1501 iis
638 1456 762 1528 parum
773 1431 988 1519 fidebamus,
999 1433 1137 1528 Pyrrho
1147 1432 1223 1528 regi

160 1572 176 1607 u
190 1566 256 1612 nos
272 1541 515 1636 adjunximus3
530 1567 550 1611 a
564 1567 638 1638 quo
651 1544 764 1613 relicti
780 1567 901 1639 pacem
917 1546 1155 1615 necessariam
1170 1567 1224 1614 ac-

161 1683 179 1718 «
192 1654 352 1749 cepimus
368 1663 393 1740 ¹,
412 1650 619 1748 fuimusque
638 1654 676 1722 in
696 1679 736 1723 ea
759 1676 823 1750 per
842 1676 963 1723 annos⁴
976 1676 1092 1750 prope
1112 1653 1223 1750 quin·

162 1764 382 1859 «quaginta,
398 1761 442 1831 a'd
460 1763 495 1832 id
515 1777 675 1859 tempus,
694 1788 768 1860 quo
784 1764 823 1832 in
836 1762 973 1833 Italiam
989 1764 1130 1834 venisti.
1148 1767 1224 1833 Tua

162 1903 179 1937 «
193 1897 261 1942 nos
284 1897 365 1941 non.
383 1874 493 1968 magis
511 1873 624 1942 virtus
643 1870 883 1968 fortunaque,
906 1897 1015 1967 quam
1034 1872 1142 1941 unica
1162 1895 1225 1941 co·

164 2012 181 2048 «
196 1983 321 2052 mitas²
340 2006 380 2052 ac
395 1979 596 2079 benignitas
612 2005 694 2078 erga
706 1983 799 2052 cives
813 1994 974 2067 nostros,
989 2004 1083 2077 quos
1098 1994 1226 2077 oaptos

165 2124 182 2159 α
195 2090 300 2163 nobis
313 2093 496 2181 remisisti,
511 2093 563 2163 ita
574 2091 777 2162 conciliavit
791 2090 872 2178 tibi,
889 2105 943 2180 ut,
959 2105 995 2162 te
1007 2092 1104 2162 salvo
1116 2107 1227 2189 atque

164 2233 181 2268 a
194 2203 366 2273 incolumi
380 2204 515 2289 amic0,
532 2226 607 2270 non
621 2198 732 2269 modo
746 2201 921 2298 populum
936 2226 1149 2292 romanum,
1163 2201 1227 2273 sed

165 2342 182 2378 «
195 2337 242 2382 ne
254 2312 340 2382 deos
354 2312 501 2406 quidem
516 2311 624 2380 iratos
641 2309 692 2404 (si
706 2309 776 2379 dici
788 2306 840 2379 fas
851 2309 922 2405 est)
935 2311 1154 2382 timeremus.
1168 2315 1227 2399 At,

166 2421 362 2508 «hercule,
382 2445 458 2490 non
479 2420 596 2491 solum
619 2420 792 2490 incolumi
809 2444 850 2490 ac
875 2421 1033 2507 victore,
1052 2420 1117 2491 sed
1136 2445 1229 2518 prae·

166 2547 299 2610 «sente
315 2545 374 2615 te,
396 2555 509 2626 quum
530 2530 710 2625 ploratum
729 2554 843 2627 prope
863 2531 1056 2627 conjugum
1077 2555 1121 2601 ac
1136 2529 1229 2600 libe-

167 2664 321 2722 erorum
335 2653 542 2708 nostrorum
557 2638 741 2727 exaudire,
753 2655 789 2710 et
799 2638 983 2743 flagrantia
997 2653 1089 2709 tecta
1103 2663 1231 2736 posses

168 2777 185 2812 (ι
198 2749 407 2843 conspicere
416 2800 425 2832 ,
434 2746 483 2815 ita
496 2772 618 2818 sumus
633 2748 822 2843 aliquoties
831 2738 901 2819 bac
913 2762 1032 2819 aestate
1043 2749 1229 2837 devastati,

168 2872 237 2928 «ut
251 2862 299 2928 M.
311 2856 518 2945 Marcellus,
533 2883 609 2928 non
621 2856 816 2945 Hannibal,
829 2859 952 2928 vicisse
967 2858 1011 2927 ad
1027 2864 1169 2929 Cannas
1184 2860 1231 2929 vi·

169 2999 186 3035 «
201 2968 349 3057 deatur3
369 2967 641 3067 glorienturque
659 2971 831 3056 Romani,
849 2984 903 3057 te,
922 2969 967 3038 ad
984 2993 1099 3039 unum
1117 2968 1231 3040 modo

169 3185 265 3244 etabat,
279 3196 354 3242 aestu,
369 3195 397 3231 ut
411 3200 518 3247 quaerere
530 3186 615 3243 XXV,
631 3185 677 3243 233
721 3184 784 3231 Nam
804 3184 895 3232 bellum
915 3179 976 3233 illud
993 3184 1040 3232 fuit
1058 3181 1089 3230 ab
1108 3199 1149 3230 an.
1168 3179 1232 3230 Urb.

169 3265 262 3321 XXX,
280 3265 323 3321 163
339 3274 362 3310 et
377 3264 495 3333 ἐπιτηρεῖν
511 3267 578 3332 apud
590 3266 677 3331 Polyb.
723 3265 852 3321 412·480‚
869 3263 978 3328 adeoque
993 3279 1041 3328 per
1059 3278 1138 3309 annos
1152 3275 1233 3324 prope

169 3341 242 3390 Conf.
258 3341 288 3410 ad
300 3344 327 3400 1,
343 3349 387 3401 14,
400 3359 425 3391 u.
437 3344 461 3390 5.
721 3344 804 3399 LXX,
816 3355 844 3390 ut
854 3344 1021 3391 recte'dicitnr
1031 3343 1135 3398 XXXI,
1145 3341 1189 3386 31.
1204 3356 1216 3377 ν

204 3421 265 3468 Car.
281 3422 357 3467 XLII.
374 3437 396 3469 1.
412 3424 501 3469 Pacem
518 3421 678 3469 necessariam
758 3438 784 3468 a.
802 3423 879 3469 Unica
893 3421 1012 3477 corniton
1028 3420 1084 3467 vide
1101 3419 1133 3466 ad
1147 3422 1173 3476 1,·
1186 3433 1233 3477 at,

170 3498 306 3562 accepimus
321 3515 359 3547 au.
378 3499 439 3546 Urb.
460 3500 518 3554 480.
539 3526 574 3535 -
592 3500 636 3553 Ad
653 3500 681 3547 id
722 3517 748 3548 n.
764 3501 786 3547 3.
806 3527 842 3536 -—
858 3502 914 3547 Non
932 3499 1004 3547 modo
1015 3495 1141 3563 populum
1152 3514 1216 3546 rom.
1221 3530 1230 3553 ,

170 3588 273 3640 tempus,
285 3594 332 3640 quo
342 3577 367 3623 in
376 3577 477 3623 Italiam
486 3578 587 3634 uenisti,
599 3595 638 3626 an.
647 3580 679 3626 U.
723 3578 808 3625 sedne
820 3577 878 3625 deos
890 3578 1001 3641 quidem,
1017 3587 1041 3623 et
1057 3592 1117 3622 mox
1130 3592 1182 3622 non
1194 3591 1232 3622 so·

171 3655 230 3710 534.
244 3656 316 3703 Hinc*
327 3657 352 3702 b.
369 3656 385 3704 l.
402 3655 531 3717 legendum
546 3657 624 3703 rideri
633 3673 681 3719 per
724 3657 773 3702 lum
788 3656 918 3712 incolumi,
932 3656 976 3703 sed
985 3665 1105 3718 praesente
1121 3665 1162 3710 te;
1176 3652 1234 3701 vido

171 3751 248 3781 annos
256 3750 335 3798 prope
346 3735 461 3794 LX,jam
473 3736 569 3783 monuit
582 3737 679 3798 Sigon,
723 3734 754 3780 ad
770 3736 797 3791 I,
812 3741 857 3789 4ο,
871 3751 897 3782 n.
912 3749 933 3781 1.
952 3761 987 3769 -
1010 3734 1088 3795 Quum
1102 3733 1234 3795 ploratum

171 3811 245 3874 idque
264 3829 293 3860 eo
315 3813 468 3876 probabilius
490 3829 554 3870 esse,
575 3830 680 3877 qunma
719 3827 798 3875 prope
812 3812 954 3876 conjugum,
970 3811 1157 3875 etc.,.plerique
1171 3806 1236 3864 MSS

171 3889 255 3951 legatis
264 3892 345 3938 omnia
356 3892 460 3938 oratorie
470 3892 497 3938 in
508 3894 582 3952 majus
594 3909 679 3939 omen·
722 3901 746 3937 et
756 3889 812 3938 edd.
822 3901 877 3937 ante
888 3891 963 3938 Drak.
973 3890 1015 3952 qui
1025 3890 1092 3936 dedit
1100 3903 1106 3936 z
1112 3884 1236 3952 prces'brue

173 3977 224 4024 tur,
237 3979 264 4015 ut
276 3985 335 4016 mox
344 3985 404 4034 :per
414 3983 507 4017 centum
512 3986 592 4034 prope
597 3968 678 4019 'aranos
723 3981 746 4016 te
755 3970 942 4031 (comploraeum
949 3985 1039 4033 prope.
1046 3968 1234 4032 ..rumpit-ere),

172 4060 227 4090 cum
230 4048 323 4109 populo
332 4065 393 4098 rom.
401 4050 488 4098 bellum
493 4050 608 4114 gessimus
612 4059 678 4108 ‚eto
723 4048 760 4095 ita
775 4063 868 4106 sumus,
887 4057 933 4096 etc.
951 4047 1033 4097 Livius
1050 4058 1115 4096 amat
1133 4048 1236 4112 quidem
