2782 4568
168 306 239 401 344
340 378 343 385 ,
589 311 629 376 r.
661 310 802 379 mvn
1081 287 1208 399 atta:

165 431 337 530 percussi.
361 434 478 528 Supra
504 429 601 501 milIe
631 431 855 526 captivorum
885 425 952 497 sub
979 424 1080 497 hasta
1104 428 1234 499 venie·

164 556 252 612 runt
264 538 297 611 ⁵:
313 542 431 639 praeda
448 541 515 612 alia
531 541 636 611 militi
653 564 836 628 concessa,
853 539 1030 610 exercitus
1038 539 1233 609 Luceriam

164 653 347 724 reductus.

211 766 407 832 XXXVIII.
430 765 525 831 Dum
549 760 624 831 haec
645 762 682 830 in
706 760 859 833 Lucanis
882 772 991 854 atque
1008 759 1046 827 in
1067 758 1232 855 Hirpinis

162 887 354 970 geruntur,
369 873 531 969 quinque
547 896 672 958 naves,
686 896 765 967 quae
778 870 1019 940 Macedonum
1033 882 1142 963 atque
1155 873 1232 938 Poe·

163 969 295 1053 norum
316 996 439 1079 captos
466 981 598 1078 legatos
619 986 770 1051 Romam
792 977 1006 1076 portabant,
1026 977 1071 1047 ab
1092 1001 1230 1074 supero

163 1094 252 1162 mari
276 1091 321 1163 ad
342 1089 519 1162 inferum¹
544 1093 790 1161 circumvectae
813 1112 926 1185 prope
949 1111 1094 1157 ornnem
1117 1086 1228 1157 ltaliae

162 1226 283 1289 oram,
306 1225 419 1297 quum
443 1216 572 1297 prater
597 1206 728 1272 Cumas
752 1199 838 1270 velis
863 1197 1059 1284 ferrentur,
1082 1221 1228 1293 neque,

161 1307 321 1379 hostium
343 1335 387 1380 an
407 1313 589 1381 sociorum
605 1324 742 1393 esseut,
758 1311 841 1379 satis
856 1309 1022 1396 sciretur,
1041 1305 1228 1379 Gracchus

162 1418 306 1490 obviam
321 1445 365 1490 ex
380 1420 489 1490 classe
504 1436 566 1491 stra
579 1445 687 1491 naves
697 1421 803 1490 misit.
818 1423 939 1510 Quum
953 1416 1227 1517 percunctando

162 1528 328 1599 invicem
345 1531 531 1626 cognitum
546 1544 653 1619 esset,
668 1532 854 1602 consulem
867 1531 989 1600 Cumis
1004 1553 1101 1615 esse;
1117 1553 1227 1599 naves

163 1641 294 1709 Cumas
318 1641 491 1736 appulsa,
515 1643 718 1737 captivique
736 1640 780 1711 ad
799 1640 984 1711 consulem
1009 1639 1176 1726 deducti,
1191 1653 1228 1709 et

161 1747 272 1818 literae
291 1749 392 1821 datae.
411 1752 565 1838 Consul,
585 1751 696 1823 literis
715 1751 870 1848 Philippi
889 1766 996 1847 atque
1015 1747 1227 1819 Hannibalis

162 1857 347 1954 perlectis,
363 1864 573 1957 consignata
591 1863 710 1931 omnia
726 1861 771 1931 ad
788 1875 952 1932 senatum
970 1862 1098 1931 itinere
1113 1873 1226 1929 terre·

161 1967 225 2035 stri
239 1969 335 2038 misit
351 1995 358 2037 :
373 1970 524 2040 navibus
539 1970 667 2041 devehi
680 1970 815 2069 legatos
827 1971 943 2065 jussit.
956 1973 1077 2059 Quum
1094 1966 1227 2039 eodem
1269 2042 1273 2049 ,

161 2074 236 2148 fere
251 2077 309 2149 die
322 2080 431 2150 literae
443 2083 623 2180 legatique
635 2087 784 2152 Romam
795 2081 992 2166 venissent,
1008 2092 1059 2162 et,
1073 2101 1225 2175 percun-

162 2189 319 2287 ctatione
336 2189 446 2273 facta,
464 2193 559 2283 dicta
576 2217 658 2263 cum
673 2192 812 2288 scriptis
830 2202 1091 2287 congruerent,
1106 2188 1227 2283 primo

161 2301 276 2395 gravis
294 2325 379 2371 cura
396 2307 515 2373 Patres
531 2303 693 2386 incessit,
711 2315 917 2389 cernentes,
936 2313 1070 2395 quauta
1089 2298 1148 2365 vix
1167 2311 1225 2367 to-

160 2408 359 2480 lerantibus
372 2414 544 2507 punicum
560 2411 697 2482 bellum
712 2411 934 2481 macedonici
949 2407 1036 2478 beili
1048 2406 1163 2476 moles
1178 2407 1226 2489 in-

160 2512 280 2588 staret.
300 2522 367 2590 Cui
383 2534 502 2592 tamen
522 2520 613 2591 adeo
631 2546 706 2590 uon
724 2519 1014 2606 succubuerunt,
1034 2532 1074 2586 ut
1090 2530 1225 2586 extem·

158 2627 221 2723 plo
242 2630 456 2724 agitaretur,
478 2630 785 2726 quemadmodum
807 2631 904 2700 ultro
920 2626 1109 2699 inferendo
1126 2623 1225 2694 bello

159 2752 362 2808 averterent
379 2738 423 2808 ab
442 2740 543 2810 Italia
559 2739 712 2811 hostem.
729 2741 886 2837 Captivis
902 2741 938 2809 in
955 2737 1097 2808 vincula
1115 2732 1227 2804 condi

157 2844 285 2939 jussis,
302 2847 567 2944 comitibusque
583 2873 710 2919 eorum
727 2848 795 2920 sub
808 2848 909 2918 hasta
919 2847 1090 2932 venditis,
1104 2844 1149 2914 ad
1164 2867 1228 2913 na·

158 2979 220 3026 ves
231 2957 358 3053 viginti
369 2959 551 3057 quinque,
562 2958 697 3055 quibus
707 2963 743 3028 P.
758 2959 918 3029 Valerius
928 2957 1094 3028 Flaccus²
1104 2951 1228 3051 praefe-

194 3183 218 3232 5.
228 3184 276 3230 Sub
285 3183 358 3232 hasta
367 3185 510 3243 venierunt;
521 3185 572 3233 vid.
581 3186 613 3233 ad
622 3187 667 3243 IV,
713 3202 766 3248 quae
779 3183 805 3231 h.
815 3186 831 3231 1.
843 3200 925 3231 rursus
937 3184 1006 3233 classi
1020 3183 1227 3242 adnumerantur,

158 3263 204 3320 53,
216 3279 242 3310 n.
254 3272 279 3319 4.
295 3264 359 3311 Mox
371 3281 418 3328 pro
433 3265 559 3312 Luceriam
573 3266 598 3312 in
612 3265 668 3312 edd.
713 3265 804 3312 etbiuc
813 3263 906 3310 bellicae
915 3263 1024 3320 fuerunt,
1034 3261 1227 3321 nononerurioe3

157 3352 213 3389 ante
222 3343 299 3389 Gron.
308 3343 403 3391 Cumas.
412 3343 460 3390 Sed
468 3344 504 3390 ibi
512 3345 668 3408 Sempronius
712 3345 764 3392 Jac.
780 3345 890 3390 Gronov.
902 3342 943 3389 Bis
954 3340 1044 3406 viginti
1054 3339 1163 3403 quinque
1177 3340 1227 3404 leg.

157 3421 283 3475 Gracchus
298 3421 324 3467 in
339 3422 455 3485 praesidio
474 3435 542 3482 erat;
559 3422 625 3470 conf.
636 3422 669 3470 ad
712 3421 814 3485 putabat
827 3423 904 3468 Perta.
919 3419 1030 3467 Animad
1041 3418 1098 3466 bist.
1114 3434 1135 3464 c.
1147 3419 1179 3476 8,
1198 3435 1228 3482 p.

157 3513 212 3562 cap.
225 3500 272 3558 33,
287 3500 327 3556 35,
339 3511 363 3546 et
373 3500 438 3563 iupr.
450 3502 492 3555 48.
713 3502 773 3557 344.
795 3500 842 3547 Sed
862 3500 987 3546 Valerium
1009 3514 1059 3545 non
1082 3507 1149 3545 recte
1175 3496 1228 3544 diei
1317 3562 1323 3569 ,

191 3580 251 3628 Cur.
260 3579 410 3624 XXXVIII.
423 3593 444 3625 1.
460 3578 500 3625 Ab
508 3595 594 3642 supero
604 3580 669 3627 mari
712 3596 784 3643 posse
794 3591 845 3626 tum
853 3579 979 3642 praefuisse
990 3574 1228 3640 quinque'navibus,

156 3656 193 3703 ad
202 3656 320 3721 inferum
330 3656 387 3702 vide
396 3658 428 3713 V,
440 3657 481 3717 33.
710 3661 813 3708 Romam
824 3659 915 3716 mIssis,
926 3670 950 3705 et
961 3675 992 3705 ex
1004 3658 1048 3704 bac
1060 3655 1158 3704 ratione
1171 3670 1226 3703 non

192 3750 216 3781 a.
227 3735 271 3802 Ad
279 3751 351 3782 naves
362 3735 443 3790 XXV,
458 3736 542 3798 quibus
554 3739 584 3785 P.
596 3737 644 3784 VaI
660 3765 665 3771 ·
710 3740 731 3784 L
743 3755 831 3795 naves,
845 3753 899 3801 quae
913 3754 974 3784 mox
988 3746 1164 3793 memorantur,
1179 3734 1228 3783 sod

156 3811 218 3865 rius,
234 3824 280 3860 etc.
294 3816 371 3861 Immo
382 3829 388 3862 :
401 3814 438 3860 ad
444 3831 516 3862 naves
525 3815 665 3880 ὐἰςιίιιι’...Ι
710 3818 757 3871 LV
763 3816 842 3874 effici,
855 3828 939 3864 monet
952 3816 1016 3865 nuk.
1025 3813 1133 3862 Verbum
1141 3830 1226 3877 para·

155 3888 544 3956 vigintiquinqueparatastnam
554 3911 585 3948 ex
591 3895 667 3941 XXV
711 3906 748 3942 tas
762 3895 809 3942 del.
823 3907 906 3943 monet
920 3898 944 3944 J.
958 3900 996 3944 Fr.
1013 3896 1104 3951 Grem,
1116 3904 1159 3941 aut
1175 3893 1227 3957 leg.

155 3967 270 4027 navibus,
279 3970 377 4018 Valerio
388 3972 451 4020 datis
466 3971 533 4038 (vide
542 3989 596 4038 cap.
607 3972 652 4037 32)
658 4007 665 4031 ‚
704 3973 804 4038 parari,
810 3974 847 4020 vel
853 3973 1156 4036 parandas.-Creverirrs
1166 3988 1227 4021 cum

61 4096 65 4103 ,
154 4056 239 4110 postea
249 4047 356 4117 quinque
366 4049 467 4099 Romam
476 4052 596 4118 missen.
608 4053 665 4118 34),
710 4053 838 4105 Perieoqu
848 4053 908 4118 legit
920 4053 1011 4119 uiginti
1023 4052 1129 4122 quinque
1143 4050 1224 4109 alias,
