2782 4568
202 270 326 372 52:333:
397 286 578 359 xcurma
607 293 756 370 xxiv.
785 293 890 358 eir.
919 294 986 358 tx.
1169 293 1235 391 391

175 412 286 482 cellus
301 397 458 480 tertium.
474 409 811 482 Eosdem‘cons'ules
830 426 963 482 caeterae
978 415 1147 485 centuriae
1162 419 1239 489 sine

174 521 371 591 variatione
392 520 466 590 ulla
487 519 666 592 dixerunt.
686 527 730 592 Et
749 536 882 620 praetor
903 547 999 594 unus
1020 521 1238 616 refectus‘Q.

174 632 318 702 Fulvius
337 631 505 702 Flaccus:
525 633 610 702 novi
628 632 686 701 alii
706 634 831 729 creati,
843 637 883 704 T.
902 632 1074 705 Otacilius
1093 638 1240 708 Crassus

172 744 322 832 iterum,
341 743 384 830 Q.
402 741 531 813 Fabius
550 743 708 814 consulis
728 741 844 831 filius,
865 747 929 840 qui
948 759 1028 816 tum
1046 745 1156 816 aedilis
1174 772 1239 818 cu-

172 854 260 923 rulis
277 868 371 941 erat,
385 858 422 924 P.
444 854 633 926 Cornelius
650 856 835 925 Lentulus.
856 857 1018 927 Comitiis
1042 871 1240 954 praetorum

171 962 358 1061 perfectis,
376 965 729 1035 senatusconsultum
747 963 880 1036 factum
901 981 974 1054 est,
992 983 1032 1036 ut
1051 970 1095 1058 Q.
1112 968 1240 1039 Fulvio

171 1088 278 1156 extre
302 1073 466 1172 ordinem
491 1074 632 1144 urbane
646 1080 833 1170 provincie
855 1079 991 1163 esset&
1013 1084 1109 1172 isque
1125 1084 1240 1174 pooi-

168 1187 296 1272 simus,
313 1183 519 1256 consulibus
535 1185 588 1255 ed
604 1184 732 1255 bellurn
746 1187 933 1280 proficus,
958 1187 1046 1257 Urbi
1056 1207 1237 1284 praeesset.

124 1328 127 1333 ·
170 1286 288 1392 Aquae¹
301 1321 440 1394 magnae
456 1295 511 1366 bis
530 1320 574 1367 eo
597 1321 693 1366 anno
713 1295 883 1384 fueruut3
903 1296 1116 1394 Tiberisque
1132 1325 1237 1397 agros

169 1406 358 1476 inundavit
379 1431 461 1476 cum
485 1417 613 1504 magna
633 1422 749 1504 strage
770 1421 969 1495 tectorum,
988 1433 1237 1506 pecorumque

170 1530 206 1585 et
231 1516 422 1588 hominum
445 1519 616 1616 pernicie.
644 1519 783 1608 Quinto
809 1543 905 1589 anno
932 1518 1085 1590 secundi
1110 1521 1236 1616 punici

168 1624 256 1695 belli
273 1631 316 1718 Q.
335 1627 466 1699 Fabius
482 1629 659 1699 Maximus
676 1643 863 1725 quartum,
881 1633 929 1698 Μ.
947 1629 1118 1701 Claudius
1138 1633 1235 1700 Mar-

169 1735 279 1807 cellus
298 1739 462 1826 tertium,
478 1738 705 1810 consulatum
723 1739 907 1824 ineuntes,
923 1738 1005 1837 plus
1024 1739 1130 1811 solito
1146 1764 1234 1810 con·

169 1861 349 1917 verterant
363 1849 401 1918 in
416 1874 454 1919 se
466 1848 617 1920 civitatis
630 1849 769 1919 animos
782 1875 789 1915 :
801 1848 924 1919 multis
937 1850 1034 1919 enim
1048 1845 1152 1921 annis
1166 1849 1235 1921 tale

168 1955 359 2026 consulum
377 1982 443 2054 par
464 1948 539 2028 uon
558 1955 686 2029 fuerat.
707 1955 928 2029 Referebant
947 1984 1071 2047 senes,
1091 1961 1142 2030 sic
1158 1965 1234 2030 Ma·

166 2067 305 2137 ximum
322 2065 497 2139 Rullum⁵
516 2094 599 2139 cum
618 2075 656 2139 P.
678 2069 791 2140 Decio
813 2068 857 2139 ad
882 2067 1020 2148 bellurn
1041 2069 1231 2166 gallicum,

166 2178 216 2246 sic
231 2193 357 2274 postea
375 2181 555 2277 Papirium
575 2179 844 2276 Carviliumque
866 2179 1035 2250 adversus
1056 2183 1233 2252 Samnites

164 2290 396 2386 Bruttiosque
410 2305 446 2361 et
460 2291 630 2361 lucanum
643 2314 728 2361 cum
739 2289 922 2359 tarentino
937 2290 1134 2387 populum,
1151 2314 1235 2360 con·

165 2397 259 2468 sules
282 2398 494 2472 declaratos.
519 2401 657 2472 Absens
685 2399 877 2471 Marcellus
902 2400 1028 2470 consul
1054 2413 1193 2471 creatus
1202 2397 1230 2481 ⁶,

164 2534 279 2604 quum
296 2511 342 2582 ad
356 2515 554 2583 exercitum
568 2527 680 2600 esset;
697 2512 865 2608 praeseuti
878 2509 1007 2597 Fabio,
1021 2525 1130 2606 atque
1149 2512 1230 2607 ipso

164 2621 306 2690 comitia
324 2619 503 2709 habente,
524 2622 732 2693 consulatus
752 2623 996 2692 continuatus.
1012 2626 1168 2717 Tempus
1188 2645 1229 2690 ac

163 2731 354 2801 necessitas
365 2730 451 2801 belli
465 2757 506 2802 ac
520 2733 713 2803 discrimen
728 2751 875 2801 summae
892 2757 1017 2803 rerum
1032 2729 1228 2817 faciebant,
1311 2786 1313 2791 ι

163 2839 308 2933 nequis
328 2855 390 2909 aut
410 2841 673 2935 inexemplum
693 2840 918 2933 exquireret,
938 2857 1000 2910 aut
1020 2857 1230 2937 suspectum

163 2945 366 3041 cupiditatis
383 2947 525 3042 imperii
541 2947 727 3018 consulem
742 2946 903 3018 haberet.
918 2951 1016 3038 Quin
1033 2949 1229 3021 laudabant

162 3055 284 3148 potius
300 3055 588 3153 magnitudinem
602 3059 729 3144 animi,
745 3056 863 3153 quod,
879 3083 993 3152 quum
1009 3083 1151 3130 summo
1168 3063 1229 3131 im·

135 3182 139 3189 ’
160 3179 327 3259 peratore
342 3191 418 3237 esse
433 3190 526 3263 opus
542 3166 750 3264 reipublicae
768 3168 891 3253 sciret,
907 3191 1017 3263 seque
1030 3192 1113 3239 eum
1129 3168 1227 3240 haud

160 3339 278 3404 impedire
287 3355 397 3392 conetur.
408 3343 544 3390 Admonuit
551 3344 626 3407 igitur
634 3354 673 3392 est
714 3344 849 3390 Maximum
859 3343 999 3391 Rulliaunm
1009 3343 1042 3402 V,
1051 3359 1106 3389 euni
1112 3345 1141 3390 P.
1149 3343 1225 3390 Decio

160 3420 301 3468 minitantis.
311 3424 498 3471 En--Iterum
502 3423 669 3488 prerogativa
713 3424 786 3470 Mure
800 3424 894 3470 IVeos.
909 3439 947 3469 an.
964 3421 1024 3469 Urb.
1039 3422 1089 3481 457
1105 3421 1225 3487 (vitex,

159 3496 303 3562 suffiagium
318 3501 388 3559 iniie5
403 3502 460 3549 vide
474 3517 548 3567 supra
564 3502 595 3548 ad
613 3516 668 3566 cap.
714 3517 746 3548 aa
765 3500 829 3566 sq),
846 3505 873 3551 L.
891 3500 1019 3565 Papirium
1035 3501 1166 3549 Cursorem
1186 3502 1224 3560 11,

160 3591 185 3636 7,
201 3592 225 3624 n.
240 3593 264 3638 9.
712 3592 737 3628 et
754 3584 796 3645 Sp.
814 3581 943 3629 Carvilium
958 3581 1094 3628 Maximum
1113 3582 1138 3627 11
1157 3595 1224 3629 anuo

194 3665 218 3712 4.
234 3659 266 3704 Uc
280 3658 310 3719 Q.
321 3659 403 3705 Fulvio
416 3672 488 3707 extra
502 3659 611 3707 ordinem
625 3676 665 3706 ur·
711 3660 771 3708 Urb.
783 3662 843 3715 480.

158 3736 225 3783 bana
232 3736 362 3800 provincia
375 3750 447 3794 esset;
459 3738 516 3786 vide
528 3738 560 3786 ad
570 3740 605 3796 ΙΙ,
617 3747 665 3798 4ο,
745 3740 769 3785 6.
777 3738 869 3785 Absens
879 3739 1009 3786 Marcellus
1017 3738 1103 3785 consul
1110 3748 1221 3794 creatio,-

157 3831 183 3862 n.
196 3830 227 3876 9,
244 3827 269 3863 et
287 3817 341 3873 111,
354 3831 385 3874 ι,
401 3833 427 3864 ιι.
441 3833 462 3862 1.
480 3845 513 3853 —-
529 3818 665 3883 Tiberisque
710 3809 776 3866 conf.
785 3817 816 3864 ad
828 3818 875 3875 IV,
887 3825 933 3877 42,
945 3834 970 3864 u.
980 3833 1002 3865 1.
1012 3845 1047 3855 -
1060 3817 1220 3866 Contmuatns

158 3909 230 3957 agros
242 3893 379 3951 inundarit,
392 3906 437 3942 etc.
448 3896 520 3944 eonf.
530 3897 586 3945 lud.
600 3897 666 3963 etad
710 3896 819 3951 eonsul.,·
832 3894 883 3942 vid.
898 3912 971 3960 supra
983 3898 1015 3945 ad
1029 3899 1074 3956 IV,
1092 3913 1123 3943 aa
1133 3931 1140 3957 ‚
1152 3913 1177 3945 n.
1191 3903 1217 3950 4.

158 3973 216 4019 Tac.
225 3974 290 4020 Anu.
303 3976 327 4032 Ι,
342 3974 386 4034 76,
398 3990 424 4021 n.
437 3991 459 4021 1.
709 3974 1091 4037 -Dtscrimensummaererum;
1102 3977 1179 4034 v.111‚
1191 3975 1219 4034 5,

194 4051 217 4098 5.
231 4053 370 4102 Maximum
386 4054 496 4112 Basiliam,
516 4057 548 4117 Q.
564 4056 664 4105 Fabium
708 4055 771 4114 uo,
786 4056 864 4117 eivl,
877 4069 917 4116 17,
928 4071 953 4102 u.
964 4069 985 4103 1.
