2782 4568
163 308 234 396 456
591 311 629 376 r.
664 311 805 379 nvn
1088 290 1232 396 tztzttt:

164 449 245 521 ret,
266 446 443 528 sequutus
464 436 659 502 Romanus.
688 430 743 502 Ibi
765 433 896 503 iterum
918 433 1040 530 Scipio
1069 433 1254 507 lecticula

165 550 205 619 in
234 549 348 618 aciem
376 547 494 617 illatus
523 543 716 615 conflixit:
740 567 809 616 neo
837 542 948 614 dubia
967 545 1129 617 victoria
1151 545 1251 636 fuit3

164 659 285 730 minus
298 672 420 728 tamen
435 655 584 726 dimidio
598 655 779 741 hostium,
790 677 899 749 quam
915 668 1035 742 antea,
1051 656 1150 751 qnia
1163 681 1253 754 pau·

164 771 280 842 ciores
306 765 580 865 superfuerant,
608 766 673 862 qui
697 778 923 862 pugnarent,
955 765 1136 853 occisum.
1174 766 1250 838 Sed

164 904 253 977 gens
267 892 351 948 nata
365 874 607 946 instaurandis
621 874 904 972 reparandisque
918 873 1022 946 bellis
1031 871 1060 963 ³,
1077 881 1248 974 Magone

164 987 211 1059 ad
232 986 537 1082 conquisitionem
554 984 711 1055 militum
724 982 833 1056 fiatre
850 986 977 1074 missu,
996 983 1101 1057 brevi
1115 990 1249 1085 reple·

165 1099 218 1167 vit
240 1097 460 1184 exercitum,
485 1096 699 1191 animosque
717 1095 763 1177 ad
778 1095 994 1166 tentandum
1014 1095 1061 1168 de
1088 1098 1247 1196 integro

164 1223 348 1281 certamen
366 1205 460 1278 fecit.
480 1205 548 1276 Alii
566 1204 731 1302 plerique
749 1205 880 1278 milites
890 1208 917 1294 ¹⁴,
933 1207 1024 1277 sicut
1041 1231 1113 1304 pro
1134 1224 1246 1306 parte

165 1321 273 1391 toties
293 1321 388 1388 intra
406 1340 542 1414 paucos
558 1315 634 1387 dies
650 1317 762 1403 victa,
783 1315 910 1386 iisdem
929 1317 1077 1400 animis,
1096 1316 1246 1414 quibus

163 1429 284 1527 prius,
306 1430 357 1499 ita
377 1426 507 1499 eodem
525 1441 658 1497 eventu
674 1449 892 1524 pugnavere.
911 1424 994 1496 Plus
1016 1441 1102 1497 octo
1124 1428 1246 1502 millia

165 1538 357 1610 hominum
379 1562 466 1608 caesa
488 1565 496 1606 ε
521 1537 619 1608 haud
637 1536 754 1608 multo
779 1538 900 1608 minus
922 1561 1032 1632 quam
1053 1536 1157 1607 mille
1179 1561 1243 1608 ca·

165 1663 289 1748 ptum,
309 1664 345 1719 et
364 1651 465 1746 signa
482 1647 648 1718 militaria
667 1647 929 1744 quinquaginta
945 1661 1048 1734 octo;
1066 1659 1104 1717 et
1120 1648 1244 1744 spolia

164 1759 319 1856 plurima
333 1757 458 1854 gallica
477 1757 595 1845 fuere,
617 1759 717 1829 aurei
732 1772 880 1854 torques
895 1756 1135 1854 armillaeque,
1158 1783 1243 1830 ma-

163 1892 257 1966 ·gnus
278 1891 463 1937 numerus.
490 1872 574 1938 Duo
597 1869 703 1938 etiam
724 1869 882 1964 insignes
904 1868 1020 1962 reguli
1042 1868 1241 1940 Gallorum

127 2012 129 2016 ⁴
164 1978 406 2075 (Moenicapto
433 1990 468 2047 et
487 1972 706 2081 Civismaro⁵
725 1977 1016 2074 nominaerant)
1045 2002 1089 2048 eo
1110 1980 1242 2076 praelio

165 2084 384 2157 ceciderunt.
408 2091 500 2157 Octo
524 2085 706 2182 elephanti
730 2088 843 2184 capti,
872 2101 944 2158 tres
966 2089 1082 2172 occisi.
1107 2091 1239 2180 Quum

164 2198 238 2291 jam
256 2220 314 2267 rcs
332 2218 515 2294 prosperae
529 2196 568 2265 in
582 2196 752 2294 Hispania
768 2211 905 2287 essent,
923 2197 1145 2270 verecundia
1161 2205 1237 2273 Ro·

166 2392 237 2449 dem,
253 2405 307 2453 quae
327 2388 423 2453 Oringis
443 2388 532 2436 dicitur
548 2389 675 2445 XXVIII,
756 2395 779 2443 4,
792 2389 846 2436 Alii
850 2388 962 2452 plerique
974 2387 1075 2445 milites,
1094 2389 1141 2452 qui
1155 2405 1238 2456 oppo-

166 2472 196 2528 3,
207 2480 232 2518 et
243 2468 343 2533 Oningis
357 2468 418 2515 Plin.
433 2470 484 2524 111,
502 2484 524 2528 ι,
538 2483 580 2515 seu
591 2468 620 2527 3,
632 2467 676 2514 ubi
720 2478 813 2514 nuntur
827 2468 852 2514 h.
868 2468 886 2514 l.
904 2466 1022 2526 ducibus,
1040 2483 1083 2514 seu
1097 2468 1167 2530 genti
1181 2471 1240 2516 Bar-

164 2549 221 2599 vide
235 2546 311 2597 Hard.
721 2545 797 2605 cinae3
819 2547 912 2596 Stroth.
932 2549 980 2595 Pro
1001 2545 1058 2605 atii,
1072 2547 1146 2596 Valla
1166 2551 1238 2611 conj.

201 2629 225 2675 3.
238 2626 288 2673 Sed
297 2641 357 2689 gens
368 2623 435 2689 (uon
447 2625 551 2689 punica,
563 2625 607 2673 sed
617 2627 675 2674 Rar-
722 2625 804 2684 Galli}
817 2639 842 2675 et
859 2631 937 2677 Gron.
956 2629 992 2674 At
1004 2626 1031 2674 bi
1035 2659 1098 2676 .....
1099 2644 1151 2691 pro
1159 2640 1238 2692 parte

165 2709 234 2764 eina,
244 2705 294 2753 nl.
304 2704 443 2751 Hasdrubal
456 2714 481 2751 et
490 2705 580 2768 Mago,
590 2705 675 2754 fratres
722 2703 791 2752 toties
808 2704 889 2764 victa,
906 2722 953 2772 pro
971 2705 1081 2770 partibus
1099 2708 1238 2755 Poenorum

163 2783 307 2834 Hannibalis
315 2778 507 2846 Hamilcarlsque
516 2781 574 2843 filii,
584 2783 610 2831 in
619 2785 676 2832 His·
721 2783 760 2846 (ut
770 2786 881 2844 XXXV,
899 2787 945 2844 31,
963 2802 988 2833 n.
1004 2785 1034 2844 ὃς
1053 2786 1166 2845 XXXV,
1187 2787 1239 2845 50,

163 2865 237 2930 paula
256 2862 348 2910 bellum
365 2860 489 2928 gerentes)
508 2875 569 2910 nata
585 2865 676 2911 instari·
721 2862 842 2928 n.1al.),
860 2880 906 2929 pro
924 2864 1015 2912 Poenis.
1033 2867 1128 2911 -Ita
1148 2865 1237 2913 eodem

165 2943 250 2992 randis
260 2941 327 2991 bellis
337 2939 414 3007 (conf.
422 2943 499 3002 XXI,
512 2959 555 3001 ιο,
567 2955 591 2991 et
602 2943 634 2990 ad
644 2944 676 3002 V,
722 2955 807 2991 eventu
820 2961 834 2991 e
846 2944 991 3008 quibusdam
1003 2945 1067 2991 MSS
1081 2944 1165 3009 recepi
1179 2961 1238 2993 eum

165 3014 207 3084 37,
218 3040 244 3070 n.
255 3021 296 3088 6),
307 3023 416 3085 Magone
420 3019 505 3086 fratrc
518 3021 528 3084 (
534 3038 587 3085 quae
600 3038 673 3070 voces
718 3023 810 3071 Stroth.
820 3026 849 3070 In
859 3023 981 3088 plerisque
989 3033 1027 3070 est
1035 3034 1091 3070 orta
1100 3023 1239 3089 eodemque

160 3103 266 3163 junctim
282 3100 403 3164 legendae,
424 3101 462 3147 vel
482 3100 638 3149 scribendum
656 3119 672 3150 a
719 3117 739 3147 c.
760 3104 790 3149 In
811 3101 867 3149 edd.
888 3112 944 3149 ante
965 3102 1058 3151 Stroth.
1081 3090 1173 3160 Prius,
1195 3119 1237 3151 eo·

157 3182 241 3246 fratre
254 3176 420 3244 Hasdrubale)
436 3179 507 3227 misso
525 3181 562 3227 od
573 3182 673 3245 conqui·
719 3181 822 3244 demque
835 3191 926 3228 eventu.

162 3260 274 3308 titionem
285 3258 386 3307 militum
406 3257 478 3323 (vide
492 3259 523 3306 ad
536 3261 613 3319 XXI,
629 3277 672 3317 ιι,
754 3261 777 3306 5.
791 3259 941 3324 Moenicapto
955 3271 980 3308 et
992 3259 1140 3316 Civismaro,
1150 3260 1179 3306 in
1189 3263 1237 3309 Ms

163 3356 188 3387 n.
200 3337 259 3401 ro),
275 3338 337 3385 brevi
348 3349 458 3402 tempore
471 3339 570 3401 replevit
581 3340 672 3386 exerci-
717 3343 772 3388 Put.
780 3340 936 3403 Moenicoepta
947 3353 971 3388 et
981 3340 1100 3388 Vismaro.
1109 3367 1146 3376 -
1153 3341 1239 3402 Quum

73 3420 75 3423 ’
163 3429 214 3464 tum
224 3416 358 3475 militibus,
369 3433 381 3465 a
393 3418 500 3480 Magone
513 3418 671 3480 conquisitis,
711 3421 769 3484 jam
788 3435 824 3466 res
837 3435 977 3483 prospera,
994 3430 1055 3477 etc,
1075 3429 1100 3466 at
1113 3435 1166 3466 non
1181 3430 1238 3468 tum

163 3493 303 3560 supplevit,
316 3494 528 3560 ant'mosquefecit
539 3496 672 3554 exercitui3
718 3499 829 3556 demum,
848 3499 891 3545 sed
903 3499 954 3559 jam
968 3498 1063 3560 abquot
1072 3497 1147 3545 aunis
1159 3510 1237 3559 ante,

162 3574 294 3623 strothius.
303 3575 402 3638 Replere
411 3573 443 3620 ob
452 3590 520 3637 seqq.
531 3575 604 3621 etiarn
613 3577 673 3622 acci·
717 3578 791 3624 immo
807 3593 914 3641 semper,
927 3593 958 3624 ex
976 3592 1026 3640 quo
1046 3576 1124 3624 ductu
1140 3577 1241 3642 Scipio-

161 3671 220 3718 pere
228 3655 308 3718 possis
317 3653 459 3717 simpliciter
467 3669 513 3718 pro
523 3652 631 3713 reficere,
638 3671 672 3702 re·
716 3674 775 3706 num
785 3657 812 3704 in
823 3656 941 3721 Hispania
952 3656 1070 3704 bellatum
1083 3666 1155 3705 erat:
1166 3658 1239 3707 unde

161 3748 260 3781 creare:
273 3749 345 3796 quam
358 3733 540 3795 exquisitionem
555 3734 624 3781 verbi
640 3733 672 3780 si·
715 3737 763 3800 leg.
777 3753 850 3801 qaum
866 3747 918 3784 tam
937 3752 974 3783 res
989 3750 1134 3799 prosperae;
1155 3737 1239 3793 Perta.

162 3811 345 3876 gnificationem
355 3811 559 3871 esse,Ruhnlten.
567 3813 599 3860 ad
608 3813 671 3861 Vell.
717 3815 774 3864 coll.
793 3816 873 3862 Plaut.
891 3816 980 3863 Bacch.
997 3817 1047 3872 III,
1067 3815 1095 3873 3,
1121 3817 1165 3863 16.
1186 3817 1240 3864 Sed

160 3893 199 3948 ΙΙ,
210 3890 256 3951 56,
268 3891 353 3951 docet,
364 3894 421 3940 Ern.
432 3892 480 3940 Sed
490 3892 572 3940 malim
583 3893 671 3941 referre
715 3893 798 3941 Livius
811 3893 877 3941 haud
895 3894 969 3942 dubie
985 3904 1037 3941 tum
1056 3908 1094 3940 ret
1112 3905 1167 3941 tam
1178 3913 1240 3959 pro

162 3968 194 4015 ad
205 3969 403 4031 conquisitionem
415 3971 671 4033 militum-Gallice,
715 3989 791 4037 sperae
810 3971 928 4035 dixissem
944 3975 1018 4022 Doer.
1034 3972 1120 4024 Malim
1138 3973 1177 4024 t'ta
1198 3993 1240 4028 ree

164 4047 264 4110 rcrtquir
274 4049 305 4099 les
315 4049 402 4097 andree
410 4050 482 4102 d'une
494 4051 580 4098 armc'c.
596 4052 640 4101 Eu.
712 4068 844 4116 prosperet.
