2782 4568
149 325 1232 359 Whmmmmmmmfflmmwbmmm

480 538 883 663 PRAEMONITIO

393 855 489 954 an
544 812 969 954 LECTOREM.

488 1170 876 1203 ‚w-

156 1426 395 1558 Qunsrrorru
413 1469 528 1555 saepius
543 1491 561 1531 a
575 1469 659 1530 Viris
675 1466 808 1531 eruditis
824 1471 987 1556 agitatam,
1002 1489 1157 1553 quanam
1170 1468 1232 1530 sci-

154 1588 229 1652 licet
238 1606 328 1677 parte
337 1591 433 1678 Alpes
444 1591 605 1655 transierit
614 1591 789 1673 Hannibal,
802 1590 838 1653 in
848 1588 993 1654 medium
1006 1589 1177 1653 reducere
1191 1613 1229 1652 ex

156 1712 281 1802 integro
304 1713 503 1778 tractandam
520 1690 626 1802 operae
644 1687 784 1801 pretium
802 1699 882 1775 mihi
896 1713 1003 1775 visum
1018 1728 1080 1776 est.
1110 1712 1227 1795 Quum

156 1822 264 1899 autern
276 1836 397 1900 viribus
410 1838 491 1901 meis
506 1835 702 1929 diffiderem,
716 1837 869 1925 temporis
885 1836 1064 1924 praesertim
1085 1835 1228 1925 penuria

156 1957 331 2041 laboranti,
356 1962 515 2025 succurrit
526 1962 575 2025 vir
591 1961 784 2025 clarissimus
802 1961 861 2026 Ph.
876 1961 917 2023 de
929 1957 1190 2039 Lmenuicdiere,
1209 1982 1226 2023 e

156 2081 306 2145 societate
332 2082 558 2173 Geographiae,
584 2085 641 2173 qui
667 2106 793 2149 summa
816 2083 983 2173 sagacitate
1007 2098 1040 2146 et
1066 2082 1226 2169 patientia

158 2198 339 2293 complures
355 2204 455 2270 libros
471 2208 589 2271 evolvit
600 2206 817 2297 perlegitque‚
830 2222 862 2270 et
876 2221 977 2270 totam
991 2204 1094 2282 hujus
1110 2205 1227 2269 disser-

159 2327 287 2393 tationis
308 2329 439 2406 seriem‚
462 2352 545 2394 nova
562 2330 715 2418 opinione
729 2329 907 2417 proposita,
933 2326 1046 2416 gallico
1070 2349 1227 2390 sermone

159 2450 302 2538 perfecit.
313 2451 477 2517 Nonnulla
484 2476 615 2540 quoque
623 2452 772 2539 exquisiti
777 2449 890 2530 judicii
897 2450 1043 2514 acumine
1053 2466 1228 2537 perspecta

160 2573 254 2636 nobis
267 2574 447 2661 impertitus
467 2591 516 2638 est
533 2574 633 2638 homo
654 2575 744 2637 omni
759 2574 923 2638 literarum
941 2594 1059 2663 genere
1077 2573 1229 2642 imbutus

160 2694 377 2758 Malta-Brun.
389 2697 486 2759 Nunc
502 2697 646 2784 utrique,
660 2695 749 2783 quod
767 2718 818 2759 me
834 2698 880 2760 ita
893 2694 1093 2776 adjuverint,
1107 2697 1230 2784 gratias

161 2817 290 2905 publice
305 2841 365 2907 ago
379 2819 559 2906 habeoque.
575 2821 644 2898 Tu,
667 2819 769 2883 lector
786 2817 957 2898 benevole,
979 2816 1104 2880 horum
1122 2820 1233 2885 labori

162 2959 194 3007 et
208 2959 320 3009 nostro
335 2944 454 3027 faveas,
471 2967 587 3032 meque
603 2943 731 3023 adjuves
745 2966 868 3032 precor.

760 3122 799 3185 N.
824 3122 861 3184 E.
886 3120 1091 3184 LEMAIRE.
