2782 4568
152 303 225 389 t16
587 308 627 374 T·
659 308 799 376 mvn
1072 291 1213 393 atet:

153 425 317 520 Dionysii
347 425 490 519 tyranni
514 426 629 514 vocis,
653 450 745 522 qua,
761 427 923 525 pedibas
947 445 1128 520 tractum,
1157 458 1238 505 non

154 534 365 605 insidentem
383 559 493 632 equo,
511 533 711 633 relinquere
729 538 975 630 tyrannidem,
993 540 1156 629 dixerit,
1174 542 1238 611 de-

156 644 248 714 bere.
276 644 398 715 Facile
428 670 502 716 esse
526 662 722 733 momento,
751 672 825 744 qao
853 654 933 745 qais
958 651 1063 737 velit,
1099 651 1237 721 cedere

146 760 375 852 possessione
393 780 537 852 magnoe
549 758 716 846 fortunae
734 761 887 848 :femere
905 775 941 829 et
950 786 1094 857 parare
1120 786 1233 849 eam,

156 862 304 961 difficile
324 881 433 962 atqae
454 866 611 936 arduam
629 891 714 937 esse.
740 867 899 939 Paulum
915 867 1098 941 sumeret6
1117 877 1237 969 spatd

158 974 211 1044 ad
224 973 498 1045 consultandam
515 975 564 1045 ab
582 975 716 1072 legatis
733 981 769 1046 E
769 1002 791 1047 ο
806 993 964 1049 uteretur
973 980 1027 1050 ad
1039 994 1233 1051 arcessen-

157 1084 223 1155 dos
246 1109 294 1154 ex
310 1090 492 1155 Leontinis
508 1083 661 1155 milites:
680 1086 811 1183 quibas
830 1093 864 1157 si
869 1095 1069 1186 pecuniam
1084 1096 1234 1187 regiam

149 1193 334 1292 pollicitus
356 1211 459 1282 esset,
484 1202 607 1265 omnia
625 1202 663 1265 in
676 1212 858 1294 potestate
880 1199 957 1294 ejm
969 1201 1118 1289 satura.
1144 1204 1234 1269 Haec

158 1303 349 1375 muliebria
373 1305 519 1375 consilia
543 1304 829 1379 Andranodorus
852 1333 973 1404 neque
998 1308 1073 1378 tota
1101 1333 1232 1406 asper·

157 1429 264 1485 natus
282 1430 351 1502 est,
370 1440 492 1511 neque
508 1417 690 1514 externplo
704 1418 844 1514 accepit
860 1444 868 1485 :
884 1418 1055 1487 tutiorem
1071 1416 1120 1486 ad
1137 1440 1233 1513 opes

159 1522 377 1597 affectandas
398 1539 497 1596 ratus
520 1550 597 1596 esse
621 1527 733 1614 viam,
752 1528 783 1596 si
803 1528 841 1596 in
860 1527 1049 1621 praesentia
1067 1528 1234 1623 tempori

158 1635 330 1706 cessisset.
351 1640 478 1731 Itaque
494 1635 628 1732 legatos
641 1637 850 1707 renuntiare
862 1634 982 1728 jussit,
1001 1632 1171 1705 futurum
1192 1660 1240 1713 se,

159 1746 197 1814 in
211 1759 355 1815 senatus
370 1770 411 1816 ac
422 1746 550 1842 populi
564 1758 751 1840 potestate.
763 1749 911 1814 Postero
926 1744 983 1815 die
999 1745 1079 1815 luce
1095 1746 1232 1842 prima,

158 1851 345 1951 patefactis
363 1853 492 1924 Insulae
514 1855 643 1948 portis,
663 1853 701 1920 in
719 1851 840 1924 forum
858 1852 1091 1924 Achradinae⁷
1112 1854 1230 1925 venit.

160 1963 216 2033 Ibi
231 1965 269 2032 in
287 1987 384 2033 aram
404 1961 633 2050 Concordiae,
653 1987 698 2032 ex
714 1987 787 2058 qua
800 1962 915 2060 pridie
932 1963 1122 2058 Polyaenus
1138 1988 1232 2034 con-

160 2076 325 2144 cionatus
343 2086 434 2159 erat,
449 2070 625 2160 escendit,
644 2073 920 2169 orationemque
939 2097 1017 2143 eam
1034 2096 1140 2143 orsus
1154 2087 1232 2165 est,

161 2210 234 2282 qua
248 2184 405 2281 primum
421 2174 659 2253 cunctationis
674 2207 745 2253 suae
759 2185 899 2253 veniam
916 2182 1052 2279 petivit.
1070 2185 1118 2252 Se
1132 2188 1234 2252 enim

162 2296 304 2365 clausas
326 2292 496 2362 ltabatsse
504 2307 653 2389 portas,
675 2317 749 2362 non
770 2308 997 2389 separantem
1019 2316 1107 2361 suas
1127 2317 1186 2362 res
1208 2317 1235 2361 a

154 2402 324 2501 publicis,
341 2402 408 2472 sed
419 2407 546 2470 strictis
559 2400 672 2472 semel
679 2400 812 2497 gladiis
829 2408 1023 2489 timentem,
1042 2397 1130 2498 qai⁸
1133 2404 1235 2498 finis

162 2637 247 2674 auctor
261 2624 376 2671 Philistus
393 2622 537 2680 historicus,
557 2621 672 2687 Dionysii
716 2625 873 2688 proverbium
883 2624 958 2684 abiit,
969 2624 1074 2688 primum
1084 2623 1190 2688 proprie
1199 2640 1237 2672 re·

163 2703 319 2752 necessarius.
333 2703 372 2749 Sic
386 2701 451 2748 enim
461 2700 671 2758 madantum
716 2701 838 2752 ferebatur
857 2703 890 2751 ad
909 2704 951 2752 illa
968 2702 1090 2769 Polyxeni
1110 2703 1189 2750 verbu
1201 2721 1233 2763 »3

162 2800 213 2831 rem
224 2792 321 2830 narrat:
334 2783 416 2842 Quum
424 2780 559 2844 Dionysius
568 2781 672 2828 maxima
718 2781 810 2830 Stroth.

162 2865 370 2929 Syracusanorum
395 2859 517 2907 seditione
542 2874 673 2924 oppressus
751 2861 776 2907 6.
786 2860 1009 2917 Paulumsnmeret,
1018 2870 1128 2926 peteret,
1141 2860 1233 2922 spatii,

163 2954 235 3006 atque
243 2942 316 3005 inops
326 2939 424 2987 consilii
437 2939 529 2986 amicos
540 2939 673 2986 consuluis·
718 2939 857 2999 dilationis,
870 2940 908 2987 ad
918 2938 1118 2995 consultandum,
1137 2938 1235 2987 delibe-

165 3036 218 3083 set,
237 3035 261 3071 et
273 3023 416 3087 Polyxenus
428 3022 544 3082 dixisset,
568 3013 619 3070 deis
631 3024 674 3068 λα·
718 3019 832 3078 randnm3
846 3021 920 3066 Doer.
933 3018 989 3065 coll.
999 3020 1038 3075 ΙΙ,
1052 3025 1075 3073 4.
1085 3018 1147 3064 Vox
1155 3018 1238 3081 spatii

164 3098 240 3152 Cissa
253 3101 294 3152 tis
309 3099 425 3161 ὀξύτατον
437 3097 512 3150 ίππον
525 3098 557 3157 είς
568 3097 612 3152 τὴν
624 3103 673 3148 τῶν
719 3098 787 3146 abest
804 3099 835 3145 ab
852 3099 952 3162 optimis
972 3099 1049 3154 MSS,
1067 3095 1134 3144 unde
1151 3098 1235 3144 Gron.

162 3175 337 3250 Καρχηδονίων
349 3179 504 3248 ἐπικράτειαν
512 3177 673 3246 tyrannam.
718 3179 783 3238 conj.
806 3193 881 3224 morte
901 3176 1020 3224 excidisse
1034 3170 1234 3238 postsumeret,

164 3263 295 3311 Philistum
307 3261 477 3324 respondisse,
490 3255 618 3325 προσήκειν
631 3257 674 3307 οὐκ
717 3257 757 3303 vel
770 3254 875 3320 spatium
883 3255 929 3319 leg.
942 3270 989 3319 pro
996 3253 1111 3318 paulttm.

165 3339 201 3408 ἐρ’
216 3339 291 3390 ἵππου
304 3338 396 3395 θέοντος
408 3331 459 3397 (ita
472 3340 528 3404 lego
542 3356 590 3403 pro
604 3338 672 3402 vulg.
754 3352 777 3395 7.
792 3337 822 3381 In
835 3333 922 3399 forum
944 3330 1111 3391 Achradinoe3
1129 3331 1191 3379 vide
1203 3333 1238 3380 ad

163 3419 283 3478 θέλοντος,
306 3419 416 3484 nisileg.
433 3404 545 3481 θέλοντα)
560 3410 671 3483 innuitis
718 3429 830 3478 capax,
848 3429 874 3460 n.
890 3413 960 3460 5.-
979 3409 1108 3466 Escendit;
1128 3409 1238 3459 vidend

165 3499 192 3548 is
211 3502 255 3556 τῆς
267 3490 426 3566 τυραννίδος,
439 3494 501 3546 ἀλλὰ
516 3498 557 3546 τοῦ
574 3496 672 3553 σπίνους
704 3494 754 3552 “Π,
769 3509 796 3553 7,
806 3508 830 3539 n.
842 3508 866 3552 7.
879 3518 914 3528 -
927 3490 1117 3552 Orationemque
1129 3505 1188 3536 eam
1197 3507 1238 3538 or-

162 3576 288 3646 ἑλκίμενον
310 3572 484 3643 προσπίπτειν.
505 3576 581 3636 Quod
591 3577 672 3624 consi·
717 3588 756 3619 sus
765 3581 812 3626 est,
825 3570 944 3617 orationis
952 3566 1149 3616 exordiuminde
1158 3568 1238 3629 fecit,

162 3657 223 3704 lium
242 3666 358 3719 sequutus
382 3665 419 3701 est
438 3653 582 3716 Dionysius.
603 3653 672 3700 Idem
716 3660 890 3713 ut...peteret‚
903 3648 995 3696 Stroth.
1010 3647 1081 3695 Conf.
1092 3645 1177 3704 adII,
1192 3649 1239 3708 38,

163 3735 255 3781 Timaeo
264 3744 362 3781 auctore
372 3732 445 3780 refert
458 3732 521 3779 Plut.
531 3731 606 3780 Dion.
616 3746 671 3795 pag.
716 3745 742 3776 n.
754 3730 818 3776 3.-
828 3726 993 3775 Crmctationis
999 3762 1008 3784 ,
1018 3727 1082 3774 forte
1095 3727 1240 3774 cunctatio·

162 3821 223 3874 974.
242 3812 365 3861 Sententia
385 3823 436 3871 est,
455 3827 507 3858 non
521 3811 673 3875 praecipitan·
716 3809 743 3854 ni
749 3809 856 3864 ,·Bauer.
870 3836 906 3845 —
924 3808 1026 3855 Clausus
1044 3804 1174 3862 tabuisse,
1200 3817 1240 3855 te·

163 3891 219 3938 darn
228 3902 318 3939 tantam
328 3908 391 3951 rem,
403 3907 481 3954 neque
493 3906 594 3953 regnum
602 3900 674 3936 teme·
716 3886 805 3934 nuisse.

163 3986 202 4028 re,
212 3985 257 4016 nec
264 3969 399 4019 nisiultima
407 3970 551 4018 necessitate
557 3979 672 4032 cogente,
753 3965 777 4013 8.
794 3962 938 4020 Timentem‚
953 3960 1075 4029 qaifinis,
1096 3971 1160 4020 ete,
1175 3978 1239 4011 cum

162 4047 355 4111 relinquendum.
383 4049 431 4098 Sed
451 4047 518 4112 quod
536 4059 622 4112 postea
646 4046 672 4093 iu
718 4043 819 4102 timore,
841 4043 938 4107 trepide
961 4050 1152 4106 exspectantem.
1187 4043 1241 4107 Qui
