2782 4568
191 346 262 418 320
614 347 653 411 r.
687 345 828 412 mvn
1103 324 1237 428 3:532:

236 469 379 537 XXVII.
404 470 599 561 Postquam
617 487 737 560 neque
757 463 886 534 elicere
904 466 1057 533 Poenum
1071 465 1115 536 ad
1137 482 1262 539 certa-

187 602 273 649 men
284 575 465 647 obversati
475 575 598 646 castris
611 588 793 672 poterant,
803 598 923 670 neque
934 588 1133 646 castrorum
1140 602 1262 675 oppu-

188 689 311 789 gnatio
321 684 432 757 facilis
443 700 537 773 erat3
551 683 680 756 urbem
691 689 843 755 Ascuam
855 695 880 772 ¹,
891 709 982 780 qu0,
993 683 1258 759 fineshostium

186 797 403 895 ingrediens,
412 793 613 866 Hasdrubal
624 793 847 865 frumentum
857 809 1154 893 commeatusque
1164 798 1259 870 alios

187 921 421 993 convexerat,
430 907 466 975 vi
478 906 643 1005 capiunt,
654 907 828 1003 omnique
840 906 932 976 circa
945 930 1031 1003 agro
1044 909 1255 1003 potiuntur:

186 1045 255 1092 nec
268 1020 363 1113 jam,
382 1032 444 1088 aut
466 1019 505 1088 in
528 1018 687 1114 agmine,
707 1019 826 1087 autin
848 1018 990 1105 castris,
1006 1016 1083 1088 ullo
1100 1019 1256 1116 imperio

188 1129 378 1201 contineri.
397 1131 515 1217 Quam
536 1125 602 1197 ubi
620 1127 876 1224 negligentiam
892 1152 1009 1212 exre,
1029 1142 1069 1198 ut
1085 1127 1142 1215 fit,
1156 1128 1256 1201 bene

186 1255 284 1338 gesta
303 1242 391 1311 oriri
411 1253 570 1310 senserat
585 1237 809 1327 Hasdrubal,
824 1239 1033 1309 cohortatus
1049 1239 1198 1329 milites,
1214 1255 1256 1311 ut

187 1351 326 1449 palatos
351 1352 427 1421 sine
455 1349 565 1447 signis
589 1349 711 1420 hostes
737 1348 1039 1445 aggrederentur,
1064 1348 1255 1446 degressus

185 1462 299 1549 colle,
320 1464 438 1561 pergit
464 1462 515 1531 ire
544 1461 620 1530 acie
643 1462 818 1531 instructa
843 1459 888 1528 ad
913 1474 1026 1529 castra
1044 1485 1051 1528 :
1072 1483 1183 1557 quem
1212 1474 1255 1530 ut

185 1572 308 1644 adesse
330 1572 555 1643 tumultuose
583 1572 797 1641 nuntiavere
824 1568 1001 1668 fugientes
1024 1595 1068 1641 ex
1097 1570 1253 1668 speculis

184 1683 490 1779 stationibusque,
501 1682 545 1752 ad
560 1706 658 1752 arma
673 1681 937 1752 conclamatum
952 1693 1016 1751 est.
1030 1686 1079 1752 Ut
1094 1683 1252 1778 quisque

186 1816 284 1861 arma
304 1807 467 1888 ceperat,
485 1793 561 1862 sine
578 1792 750 1887 imperi0,
769 1792 846 1861 sine
865 1792 986 1888 signo,
1001 1793 1250 1888 incompositi,

184 1902 382 1972 inordinati
400 1904 438 1972 in
456 1901 619 2000 praelium
634 1915 758 1972 ruunt.
774 1906 851 1971 Iam
870 1903 977 2001 primi
992 1915 1254 1973 conseruerant

184 2037 330 2100 manus,
345 2036 460 2109 quum
475 2011 534 2082 alii
555 2014 760 2082 catervatim
781 2027 988 2100 currerent,
1006 2012 1064 2083 alii
1082 2011 1250 2083 nondum

183 2147 203 2194 e
221 2124 344 2193 castris
361 2124 519 2194 exissent
536 2149 544 2190 ε
561 2137 683 2193 tamen
701 2124 818 2220 primo
833 2125 910 2220 ipsa
927 2122 1076 2194 audacia
1088 2137 1250 2194 terruere

183 2232 324 2306 hostem
342 2263 350 2304 :
366 2235 519 2323 deinde,
539 2235 611 2304 rari
633 2236 672 2304 in
687 2232 869 2306 confertos
887 2234 975 2305 illati
986 2244 1013 2323 ²,
1030 2258 1143 2331 quum
1158 2257 1249 2330 pau·

184 2345 269 2415 citas
283 2371 410 2442 parum
425 2360 502 2416 tuta
517 2359 629 2433 esset,
641 2347 821 2442 respicere
841 2346 900 2416 alii
915 2345 1021 2432 alios,
1036 2358 1072 2414 et
1087 2344 1249 2441 undique

183 2455 277 2551 pulsi
291 2460 388 2528 coire
402 2459 440 2525 in
457 2456 604 2543 orbem3
621 2470 657 2525 et
669 2456 757 2526 dum
774 2455 988 2554 corporibus
1002 2456 1248 2553 applicantur,

182 2588 353 2660 armaque
373 2568 480 2635 armis
500 2566 679 2661 jungunt,
699 2567 737 2634 in
759 2580 897 2636 arctum
917 2566 1113 2662 compulsi,
1132 2588 1249 2661 quum

182 2675 240 2742 vix
258 2673 447 2744 movendis
466 2676 573 2744 armis
587 2676 671 2744 satis
687 2677 793 2771 spatii
812 2689 921 2760 esset,
940 2699 1074 2744 corona
1088 2673 1248 2743 hostium

182 2785 307 2869 cincti,
326 2784 370 2853 ad
388 2785 543 2854 multum
565 2781 637 2853 diei
652 2783 840 2854 caeduntur
851 2780 877 2852 ³.
895 2785 1032 2882 Exigua
1046 2808 1146 2880 pars,
1163 2808 1247 2854 cru-
1289 2864 1292 2869 ,

153 2982 156 2987 ‚
180 2896 307 2992 ptione
324 2893 435 2981 facta,
457 2894 561 2963 silvas
580 2919 620 2963 ac
639 2909 782 2965 montes
803 2897 917 2991 petit:
938 2895 1089 2990 parique
1107 2907 1248 2965 terrore

182 3019 217 3076 et
241 3019 353 3075 castra
376 3018 461 3075 suut
485 3004 646 3091 deserta,
667 3019 703 3075 et
725 3007 891 3075 universa
912 3029 1000 3101 gens
1022 3018 1168 3102 postero
1188 3003 1247 3074 die

181 3117 219 3184 in
234 3115 456 3186 deditionem
471 3116 581 3215 venit.
601 3119 677 3187 Nec
691 3115 752 3186 diu
770 3116 808 3184 in
824 3127 951 3211 pacato
967 3115 1098 3184 mansit
1109 3116 1145 3206 34:
1160 3136 1246 3183 nam

178 3329 260 3360 rorum
273 3313 360 3376 peritia
372 3323 396 3359 et
406 3327 459 3360 mos
465 3310 590 3372 jaculandi
600 3310 632 3357 ob
643 3310 688 3357 fre·
732 3321 756 3358 et
769 3309 903 3373 Schweigb.
917 3308 949 3357 ad
958 3309 1045 3375 Polyb.
1056 3312 1106 3369 III,
1123 3318 1171 3368 aa,
1181 3325 1206 3358 n.
1220 3326 1244 3360 2.

177 3392 411 3455 quentiamserarum
420 3387 688 3450 inMeuretanIa;unde
768 3405 792 3436 a.
803 3388 864 3436 llari
875 3389 899 3435 in
912 3387 1032 3453 consertos
1046 3389 1123 3445 illact-
1142 3388 1200 3435 vide
1213 3387 1246 3435 ad

171 3472 261 3534 jacula
271 3472 363 3518 Maura
373 3469 440 3532 apud
453 3479 547 3532 poetas.
731 3470 784 3524 rx,
807 3482 852 3526 27,
868 3483 894 3535 u.
912 3476 936 3522 4.
956 3495 990 3503 -
1012 3470 1076 3513 Dum
1096 3466 1244 3530 corporibus.

212 3551 273 3598 Car.
295 3550 405 3596 xxvtt.
429 3563 451 3595 1.
475 3548 561 3593 Urbem
580 3546 687 3591 Ascuam
732 3547 839 3593 Multum
847 3542 1245 3609 placetCreverioalletaabHear·

176 3630 238 3677 Mss
257 3631 306 3676 fere
324 3643 423 3683 omnes3
441 3628 548 3672 Ascuam
563 3623 618 3670 edd.
632 3633 688 3671 ante
733 3625 776 3671 nio
787 3641 818 3671 ex
831 3639 880 3671 uno
895 3624 950 3671 cod.
964 3625 1051 3683 lectio,
1064 3624 1122 3671 dum
1138 3638 1244 3689 corpora

176 3707 250 3756 Drak.
264 3708 384 3755 Neutrum
402 3720 492 3752 nomen
508 3703 561 3750 aliis
575 3717 689 3749 memora·
732 3703 870 3767 corporibus
879 3703 1041 3767 applicantur.
1052 3706 1098 3752 En.

176 3796 223 3833 tur.
233 3786 365 3841 Messium,
383 3800 426 3831 seu
436 3782 553 3830 Martiam
562 3797 615 3828 nou
626 3780 688 3827 male
769 3785 792 3832 3.
805 3782 849 3829 Ad
865 3784 966 3831 multum
979 3783 1029 3831 diei
1040 3783 1176 3840 caedentum
1185 3782 1243 3831 vide

175 3866 300 3924 cunilae.
310 3866 387 3912 Gron.
398 3863 487 3925 dequo
496 3861 590 3926 oppido
601 3861 689 3925 Hispa·
733 3863 765 3910 ad
773 3863 865 3919 XIIII,
883 3862 928 3920 52,
941 3879 966 3911 n.
978 3878 1000 3909 1.

123 4000 127 4009 ἱ
175 3943 223 3989 niae
243 3943 374 4000 ulterioris,
394 3957 473 4006 prope
486 3942 621 3988 Tartessios
638 3940 686 3986 Ire·
768 3949 792 3996 4.
809 3941 860 3986 Nec
874 3940 917 3987 diu
930 3941 955 3987 iu
967 3953 1061 4005 pacato
1074 3938 1244 3988 rnansithaud

176 4033 275 4084 tumque
291 4022 436 4068 Herculeum
454 4021 517 4080 sito,
532 4021 588 4067 vide
603 4024 685 4083 Heyn.
731 4030 787 4084 apte
798 4019 903 4076 dictum,
916 4020 967 4068 sive
976 4021 1052 4068 intell.
1062 4036 1122 4085 agro
1133 4019 1201 4083 (vIde
1210 4019 1243 4067 ad

176 4103 268 4166 Oputc.
282 4100 359 4149 Acad.
373 4111 432 4147 tom.
444 4102 496 4160 III,
517 4115 574 4164 pag.
590 4099 623 4146 60
636 4115 686 4161 seq.
730 4101 808 4158 VIII,
826 4115 867 4164 12,
876 4116 901 4148 n.
916 4116 944 4148 11
954 4099 977 4165 ),
992 4101 1042 4148 sive
1053 4111 1127 4149 statu.
1137 4099 1190 4146 Nec
1199 4098 1243 4146 diu
