<?xml version="1.0" encoding="UTF-8"?>
<!DOCTYPE html PUBLIC "-//W3C//DTD XHTML 1.0 Transitional//EN"
    "http://www.w3.org/TR/xhtml1/DTD/xhtml1-transitional.dtd">
<html xmlns="http://www.w3.org/1999/xhtml" xml:lang="en" lang="en">
 <head>
  <title>
</title>
<meta http-equiv="Content-Type" content="text/html;charset=utf-8" />
  <meta name='ocr-system' content='tesseract 3.04.00' />
  <meta name='ocr-capabilities' content='ocr_page ocr_carea ocr_par ocr_line ocrx_word'/>
</head>
<body>
  <div class='ocr_page' id='page_1' title='image "./titusliviuspata06freigoog_0212.png"; bbox 0 0 2782 4568; ppageno 0'>
   <div class='ocr_carea' id='block_1_1' title="bbox 185 252 1322 370">
    <p class='ocr_par' dir='ltr' id='par_1_1' title="bbox 185 252 1322 370">
     <span class='ocr_line' id='line_1_1' title="bbox 185 252 1322 370; baseline 0.009 -30"><span class='ocrx_word' id='word_1_1' title='bbox 185 252 313 355; x_wconf 61' lang='lat'><strong>21513332</strong></span> <span class='ocrx_word' id='word_1_2' title='bbox 365 275 1027 346; x_wconf 76' lang='lat' dir='ltr'><strong>ninnaxxucnnxxxui.</strong></span> <span class='ocrx_word' id='word_1_3' title='bbox 1154 277 1223 351; x_wconf 72' lang='lat'><strong>205</strong></span> <span class='ocrx_word' id='word_1_4' title='bbox 1321 367 1322 370; x_wconf 4' lang='grc' dir='ltr'><strong><em>Ν</em></strong></span> 
     </span>
    </p>
   </div>
   <div class='ocr_carea' id='block_1_2' title="bbox 133 396 1273 2251">
    <p class='ocr_par' dir='ltr' id='par_1_2' title="bbox 133 396 1273 2251">
     <span class='ocr_line' id='line_1_2' title="bbox 160 396 1224 496; baseline 0.008 -28"><span class='ocrx_word' id='word_1_5' title='bbox 160 397 355 496; x_wconf 88' lang='lat' dir='ltr'><strong>cipiendos.</strong></span> <span class='ocrx_word' id='word_1_6' title='bbox 367 397 482 484; x_wconf 81' lang='lat' dir='ltr'><strong>Adeo,</strong></span> <span class='ocrx_word' id='word_1_7' title='bbox 493 398 559 466; x_wconf 91' lang='lat' dir='ltr'><strong>etsi</strong></span> <span class='ocrx_word' id='word_1_8' title='bbox 567 396 704 468; x_wconf 86' lang='lat' dir='ltr'><strong>bellum</strong></span> <span class='ocrx_word' id='word_1_9' title='bbox 716 401 844 496; x_wconf 86' lang='lat' dir='ltr'><strong>ingens</strong></span> <span class='ocrx_word' id='word_1_10' title='bbox 855 400 894 468; x_wconf 90' lang='lat' dir='ltr'><strong>in</strong></span> <span class='ocrx_word' id='word_1_11' title='bbox 903 398 1224 494; x_wconf 75' lang='lat' dir='ltr'><strong>cervicibus⁵erat,</strong></span> 
     </span>
     <span class='ocr_line' id='line_1_3' title="bbox 159 509 1225 604; baseline 0.005 -25"><span class='ocrx_word' id='word_1_12' title='bbox 159 509 296 580; x_wconf 89' lang='lat' dir='ltr'><strong>nullius</strong></span> <span class='ocrx_word' id='word_1_13' title='bbox 316 532 470 604; x_wconf 86' lang='lat' dir='ltr'><strong>usquam</strong></span> <span class='ocrx_word' id='word_1_14' title='bbox 492 521 668 578; x_wconf 82' lang='lat' dir='ltr'><strong>terrarum</strong></span> <span class='ocrx_word' id='word_1_15' title='bbox 686 511 739 577; x_wconf 95' lang='lat' dir='ltr'><strong>rei</strong></span> <span class='ocrx_word' id='word_1_16' title='bbox 758 532 843 579; x_wconf 85' lang='lat' dir='ltr'><strong>eura</strong></span> <span class='ocrx_word' id='word_1_17' title='bbox 858 513 1057 597; x_wconf 76' lang='lat' dir='ltr'><strong>Romanae,</strong></span> <span class='ocrx_word' id='word_1_18' title='bbox 1073 536 1119 581; x_wconf 91' lang='lat' dir='ltr'><strong>ne</strong></span> <span class='ocrx_word' id='word_1_19' title='bbox 1142 513 1225 584; x_wconf 88' lang='lat' dir='ltr'><strong>lon-</strong></span> 
     </span>
     <span class='ocr_line' id='line_1_4' title="bbox 160 616 1227 717; baseline 0 -28"><span class='ocrx_word' id='word_1_20' title='bbox 160 621 294 717; x_wconf 85' lang='lat' dir='ltr'><strong>ginqua</strong></span> <span class='ocrx_word' id='word_1_21' title='bbox 309 619 474 716; x_wconf 90' lang='lat' dir='ltr'><strong>quidem,</strong></span> <span class='ocrx_word' id='word_1_22' title='bbox 488 616 695 716; x_wconf 82' lang='lat' dir='ltr'><strong>effugiebat.</strong></span> <span class='ocrx_word' id='word_1_23' title='bbox 710 623 753 687; x_wconf 92' lang='lat' dir='ltr'><strong>In</strong></span> <span class='ocrx_word' id='word_1_24' title='bbox 767 617 977 714; x_wconf 81' lang='lat' dir='ltr'>religionem</span> <span class='ocrx_word' id='word_1_25' title='bbox 992 621 1100 713; x_wconf 82' lang='lat' dir='ltr'><strong>etiam</strong></span> <span class='ocrx_word' id='word_1_26' title='bbox 1112 625 1227 713; x_wconf 82' lang='lat' dir='ltr'><strong>venit,</strong></span> 
     </span>
     <span class='ocr_line' id='line_1_5' title="bbox 159 726 1226 826; baseline 0.005 -26"><span class='ocrx_word' id='word_1_27' title='bbox 159 729 271 802; x_wconf 87' lang='lat' dir='ltr'><strong>aedem</strong></span> <span class='ocrx_word' id='word_1_28' title='bbox 299 729 510 801; x_wconf 70' lang='lat' dir='ltr'><strong>Concordiae</strong></span> <span class='ocrx_word' id='word_1_29' title='bbox 519 726 547 818; x_wconf 77' lang='lat'><strong>⁶,</strong></span> <span class='ocrx_word' id='word_1_30' title='bbox 571 753 680 826; x_wconf 86' lang='lat' dir='ltr'><strong>quam</strong></span> <span class='ocrx_word' id='word_1_31' title='bbox 703 752 769 825; x_wconf 91' lang='lat' dir='ltr'><strong>per</strong></span> <span class='ocrx_word' id='word_1_32' title='bbox 795 727 1008 798; x_wconf 86' lang='lat' dir='ltr'><strong>seditionem</strong></span> <span class='ocrx_word' id='word_1_33' title='bbox 1034 731 1226 804; x_wconf 81' lang='lat' dir='ltr'><strong>militarem</strong></span> 
     </span>
     <span class='ocr_line' id='line_1_6' title="bbox 159 837 1226 936; baseline 0.002 -24"><span class='ocrx_word' id='word_1_34' title='bbox 159 841 309 912; x_wconf 90' lang='lat' dir='ltr'><strong>biennio</strong></span> <span class='ocrx_word' id='word_1_35' title='bbox 322 856 407 912; x_wconf 81' lang='lat' dir='ltr'><strong>ante</strong></span> <span class='ocrx_word' id='word_1_36' title='bbox 424 845 464 911; x_wconf 92' lang='lat' dir='ltr'><strong>L.</strong></span> <span class='ocrx_word' id='word_1_37' title='bbox 480 839 635 910; x_wconf 87' lang='lat' dir='ltr'><strong>Manlius</strong></span> <span class='ocrx_word' id='word_1_38' title='bbox 651 853 783 936; x_wconf 86' lang='lat' dir='ltr'><strong>praetor</strong></span> <span class='ocrx_word' id='word_1_39' title='bbox 795 840 834 907; x_wconf 91' lang='lat' dir='ltr'><strong>in</strong></span> <span class='ocrx_word' id='word_1_40' title='bbox 852 837 967 909; x_wconf 86' lang='lat' dir='ltr'><strong>Gallia</strong></span> <span class='ocrx_word' id='word_1_41' title='bbox 983 843 1155 930; x_wconf 85' lang='lat' dir='ltr'><strong>vovisset,</strong></span> <span class='ocrx_word' id='word_1_42' title='bbox 1173 844 1226 915; x_wconf 91' lang='lat' dir='ltr'><strong>lo·</strong></span> 
     </span>
     <span class='ocr_line' id='line_1_7' title="bbox 160 948 1225 1047; baseline 0.003 -26"><span class='ocrx_word' id='word_1_43' title='bbox 160 965 275 1021; x_wconf 83' lang='lat' dir='ltr'><strong>catam</strong></span> <span class='ocrx_word' id='word_1_44' title='bbox 288 951 333 1021; x_wconf 87' lang='lat' dir='ltr'><strong>ad</strong></span> <span class='ocrx_word' id='word_1_45' title='bbox 346 951 383 1020; x_wconf 95' lang='lat' dir='ltr'><strong>id</strong></span> <span class='ocrx_word' id='word_1_46' title='bbox 398 965 541 1047; x_wconf 90' lang='lat' dir='ltr'><strong>tempus</strong></span> <span class='ocrx_word' id='word_1_47' title='bbox 556 973 633 1020; x_wconf 91' lang='lat' dir='ltr'><strong>non</strong></span> <span class='ocrx_word' id='word_1_48' title='bbox 648 973 736 1019; x_wconf 91' lang='lat' dir='ltr'><strong>esse.</strong></span> <span class='ocrx_word' id='word_1_49' title='bbox 753 953 880 1045; x_wconf 87' lang='lat' dir='ltr'><strong>Itaque</strong></span> <span class='ocrx_word' id='word_1_50' title='bbox 894 948 1077 1020; x_wconf 88' lang='lat' dir='ltr'><strong>duumviri</strong></span> <span class='ocrx_word' id='word_1_51' title='bbox 1090 952 1135 1023; x_wconf 86' lang='lat' dir='ltr'><strong>ad</strong></span> <span class='ocrx_word' id='word_1_52' title='bbox 1147 978 1225 1044; x_wconf 78' lang='lat' dir='ltr'><strong>eam</strong></span> 
     </span>
     <span class='ocr_line' id='line_1_8' title="bbox 159 1057 1226 1160; baseline 0.007 -31"><span class='ocrx_word' id='word_1_53' title='bbox 159 1085 236 1131; x_wconf 91' lang='lat' dir='ltr'><strong>rem</strong></span> <span class='ocrx_word' id='word_1_54' title='bbox 259 1062 370 1132; x_wconf 83' lang='lat' dir='ltr'><strong>creati</strong></span> <span class='ocrx_word' id='word_1_55' title='bbox 387 1086 406 1130; x_wconf 86' lang='lat' dir='ltr'><strong>a</strong></span> <span class='ocrx_word' id='word_1_56' title='bbox 422 1065 473 1130; x_wconf 92' lang='lat' dir='ltr'><strong>M.</strong></span> <span class='ocrx_word' id='word_1_57' title='bbox 489 1061 630 1129; x_wconf 89' lang='lat' dir='ltr'><strong>AEmilio</strong></span> <span class='ocrx_word' id='word_1_58' title='bbox 649 1073 802 1156; x_wconf 82' lang='lat' dir='ltr'><strong>praetore</strong></span> <span class='ocrx_word' id='word_1_59' title='bbox 820 1057 940 1147; x_wconf 89' lang='lat' dir='ltr'><strong>urbis,</strong></span> <span class='ocrx_word' id='word_1_60' title='bbox 956 1064 1021 1130; x_wconf 86' lang='lat' dir='ltr'><strong>Cn.</strong></span> <span class='ocrx_word' id='word_1_61' title='bbox 1038 1064 1173 1160; x_wconf 82' lang='lat' dir='ltr'><strong>Pupius</strong></span> <span class='ocrx_word' id='word_1_62' title='bbox 1190 1079 1226 1136; x_wconf 90' lang='lat' dir='ltr'><strong>et</strong></span> 
     </span>
     <span class='ocr_line' id='line_1_9' title="bbox 160 1168 1227 1261; baseline 0.006 -21"><span class='ocrx_word' id='word_1_63' title='bbox 160 1174 206 1244; x_wconf 85' lang='lat' dir='ltr'><strong>K.</strong></span> <span class='ocrx_word' id='word_1_64' title='bbox 226 1172 399 1261; x_wconf 86' lang='lat' dir='ltr'><strong>Quintius</strong></span> <span class='ocrx_word' id='word_1_65' title='bbox 424 1170 664 1257; x_wconf 85' lang='lat' dir='ltr'><strong>Flamininus,</strong></span> <span class='ocrx_word' id='word_1_66' title='bbox 694 1168 807 1239; x_wconf 84' lang='lat' dir='ltr'><strong>aedem</strong></span> <span class='ocrx_word' id='word_1_67' title='bbox 832 1169 871 1239; x_wconf 92' lang='lat' dir='ltr'><strong>in</strong></span> <span class='ocrx_word' id='word_1_68' title='bbox 898 1183 1001 1242; x_wconf 83' lang='lat' dir='ltr'><strong>arce⁷</strong></span> <span class='ocrx_word' id='word_1_69' title='bbox 1026 1169 1227 1245; x_wconf 80' lang='lat' dir='ltr'><strong>faciendam</strong></span> 
     </span>
     <span class='ocr_line' id='line_1_10' title="bbox 159 1278 1226 1377; baseline 0.007 -29"><span class='ocrx_word' id='word_1_70' title='bbox 159 1278 377 1351; x_wconf 83' lang='lat' dir='ltr'><strong>locaverunt.</strong></span> <span class='ocrx_word' id='word_1_71' title='bbox 403 1280 458 1351; x_wconf 83' lang='lat' dir='ltr'><strong>Ab</strong></span> <span class='ocrx_word' id='word_1_72' title='bbox 477 1279 606 1350; x_wconf 89' lang='lat' dir='ltr'><strong>eodem</strong></span> <span class='ocrx_word' id='word_1_73' title='bbox 620 1295 774 1377; x_wconf 79' lang='lat' dir='ltr'><strong>praetore</strong></span> <span class='ocrx_word' id='word_1_74' title='bbox 795 1304 840 1350; x_wconf 87' lang='lat' dir='ltr'><strong>ex</strong></span> <span class='ocrx_word' id='word_1_75' title='bbox 858 1284 1169 1356; x_wconf 83' lang='lat' dir='ltr'><strong>senatusconsulto</strong></span> <span class='ocrx_word' id='word_1_76' title='bbox 1183 1286 1226 1356; x_wconf 92' lang='lat' dir='ltr'><strong>li·</strong></span> 
     </span>
     <span class='ocr_line' id='line_1_11' title="bbox 158 1390 1227 1480; baseline 0.01 -22"><span class='ocrx_word' id='word_1_77' title='bbox 158 1403 243 1459; x_wconf 85' lang='lat' dir='ltr'><strong>terae</strong></span> <span class='ocrx_word' id='word_1_78' title='bbox 261 1390 307 1460; x_wconf 88' lang='lat' dir='ltr'><strong>ad</strong></span> <span class='ocrx_word' id='word_1_79' title='bbox 323 1390 492 1461; x_wconf 86' lang='lat' dir='ltr'><strong>consules</strong></span> <span class='ocrx_word' id='word_1_80' title='bbox 505 1391 636 1479; x_wconf 77' lang='lat' dir='ltr'><strong>misse,</strong></span> <span class='ocrx_word' id='word_1_81' title='bbox 655 1405 714 1478; x_wconf 91' lang='lat' dir='ltr'><strong>ut,</strong></span> <span class='ocrx_word' id='word_1_82' title='bbox 730 1392 760 1460; x_wconf 91' lang='lat' dir='ltr'><strong>si</strong></span> <span class='ocrx_word' id='word_1_83' title='bbox 779 1391 821 1459; x_wconf 93' lang='lat' dir='ltr'><strong>iis</strong></span> <span class='ocrx_word' id='word_1_84' title='bbox 839 1392 1038 1480; x_wconf 81' lang='lat' dir='ltr'><strong>videretur,</strong></span> <span class='ocrx_word' id='word_1_85' title='bbox 1057 1394 1147 1466; x_wconf 82' lang='lat' dir='ltr'><strong>alter</strong></span> <span class='ocrx_word' id='word_1_86' title='bbox 1162 1422 1227 1468; x_wconf 87' lang='lat' dir='ltr'><strong>eo·</strong></span> 
     </span>
     <span class='ocr_line' id='line_1_12' title="bbox 157 1499 1273 1583; baseline 0.013 -15"><span class='ocrx_word' id='word_1_87' title='bbox 157 1523 240 1568; x_wconf 92' lang='lat' dir='ltr'><strong>rum</strong></span> <span class='ocrx_word' id='word_1_88' title='bbox 257 1500 302 1570; x_wconf 84' lang='lat' dir='ltr'><strong>ad</strong></span> <span class='ocrx_word' id='word_1_89' title='bbox 318 1499 484 1572; x_wconf 89' lang='lat' dir='ltr'><strong>consules</strong></span> <span class='ocrx_word' id='word_1_90' title='bbox 502 1501 676 1572; x_wconf 88' lang='lat' dir='ltr'><strong>creandos</strong></span> <span class='ocrx_word' id='word_1_91' title='bbox 692 1506 843 1572; x_wconf 85' lang='lat' dir='ltr'><strong>Romam</strong></span> <span class='ocrx_word' id='word_1_92' title='bbox 862 1503 1023 1572; x_wconf 90' lang='lat' dir='ltr'><strong>veniret:</strong></span> <span class='ocrx_word' id='word_1_93' title='bbox 1042 1506 1131 1576; x_wconf 87' lang='lat' dir='ltr'><strong>sein</strong></span> <span class='ocrx_word' id='word_1_94' title='bbox 1147 1532 1225 1583; x_wconf 81' lang='lat' dir='ltr'><strong>eam</strong></span> <span class='ocrx_word' id='word_1_95' title='bbox 1271 1547 1273 1551; x_wconf 91' lang='lat'><em>·</em></span> 
     </span>
     <span class='ocr_line' id='line_1_13' title="bbox 158 1609 1226 1708; baseline 0.01 -29"><span class='ocrx_word' id='word_1_96' title='bbox 158 1609 274 1696; x_wconf 90' lang='lat' dir='ltr'><strong>diem,</strong></span> <span class='ocrx_word' id='word_1_97' title='bbox 301 1636 411 1708; x_wconf 86' lang='lat' dir='ltr'><strong>quam</strong></span> <span class='ocrx_word' id='word_1_98' title='bbox 436 1611 647 1707; x_wconf 90' lang='lat' dir='ltr'><strong>jussissent,</strong></span> <span class='ocrx_word' id='word_1_99' title='bbox 670 1614 814 1683; x_wconf 86' lang='lat' dir='ltr'><strong>comitia</strong></span> <span class='ocrx_word' id='word_1_100' title='bbox 839 1612 1051 1684; x_wconf 86' lang='lat' dir='ltr'><strong>edicturum.</strong></span> <span class='ocrx_word' id='word_1_101' title='bbox 1076 1615 1130 1686; x_wconf 86' lang='lat' dir='ltr'><strong>Ad</strong></span> <span class='ocrx_word' id='word_1_102' title='bbox 1149 1617 1226 1690; x_wconf 80' lang='lat' dir='ltr'><strong>haec</strong></span> 
     </span>
     <span class='ocr_line' id='line_1_14' title="bbox 159 1721 1227 1823; baseline 0.009 -34"><span class='ocrx_word' id='word_1_103' title='bbox 159 1745 180 1788; x_wconf 87' lang='lat' dir='ltr'><strong>a</strong></span> <span class='ocrx_word' id='word_1_104' title='bbox 201 1721 411 1793; x_wconf 90' lang='lat' dir='ltr'><strong>consulibus</strong></span> <span class='ocrx_word' id='word_1_105' title='bbox 431 1722 669 1819; x_wconf 84' lang='lat' dir='ltr'><strong>rescriptum,</strong></span> <span class='ocrx_word' id='word_1_106' title='bbox 690 1728 770 1795; x_wconf 86' lang='lat' dir='ltr'><strong>Sine</strong></span> <span class='ocrx_word' id='word_1_107' title='bbox 789 1723 997 1794; x_wconf 78' lang='lat' dir='ltr'><strong>detrimento</strong></span> <span class='ocrx_word' id='word_1_108' title='bbox 1019 1727 1227 1823; x_wconf 78' lang='lat' dir='ltr'><strong>rez&#39;publiece</strong></span> 
     </span>
     <span class='ocr_line' id='line_1_15' title="bbox 161 1833 1228 1935; baseline 0.007 -33"><span class='ocrx_word' id='word_1_109' title='bbox 161 1833 310 1903; x_wconf 78' lang='lat' dir='ltr'><strong>abscedi</strong></span> <span class='ocrx_word' id='word_1_110' title='bbox 325 1859 397 1904; x_wconf 91' lang='lat' dir='ltr'><strong>non</strong></span> <span class='ocrx_word' id='word_1_111' title='bbox 406 1859 518 1932; x_wconf 80' lang='lat' dir='ltr'><strong>posse</strong></span> <span class='ocrx_word' id='word_1_112' title='bbox 536 1834 584 1903; x_wconf 87' lang='lat' dir='ltr'><strong>ab</strong></span> <span class='ocrx_word' id='word_1_113' title='bbox 604 1834 716 1904; x_wconf 80' lang='lat' dir='ltr'><strong>hoste.</strong></span> <span class='ocrx_word' id='word_1_114' title='bbox 733 1840 862 1932; x_wconf 83' lang='lat' dir='ltr'><strong>&#39;Itaque</strong></span> <span class='ocrx_word' id='word_1_115' title='bbox 870 1860 940 1930; x_wconf 84' lang='lat' dir='ltr'><strong>per</strong></span> <span class='ocrx_word' id='word_1_116' title='bbox 956 1842 1157 1935; x_wconf 74' lang='lat' dir='ltr'><strong>interregem</strong></span> <span class='ocrx_word' id='word_1_117' title='bbox 1172 1865 1228 1910; x_wconf 87' lang='lat' dir='ltr'><strong>ea·</strong></span> 
     </span>
     <span class='ocr_line' id='line_1_16' title="bbox 159 1938 1225 2042; baseline 0.006 -27"><span class='ocrx_word' id='word_1_118' title='bbox 159 1950 262 2015; x_wconf 81' lang='lat' dir='ltr'><strong>mitia</strong></span> <span class='ocrx_word' id='word_1_119' title='bbox 272 1945 436 2015; x_wconf 79' lang='lat' dir='ltr'><strong>habenda</strong></span> <span class='ocrx_word' id='word_1_120' title='bbox 444 1970 518 2015; x_wconf 86' lang='lat' dir='ltr'><strong>esse</strong></span> <span class='ocrx_word' id='word_1_121' title='bbox 523 1952 666 2042; x_wconf 84' lang='lat' dir='ltr'><strong>potius,</strong></span> <span class='ocrx_word' id='word_1_122' title='bbox 680 1968 792 2042; x_wconf 78' lang='lat' dir='ltr'><strong>quam</strong></span> <span class='ocrx_word' id='word_1_123' title='bbox 805 1938 987 2016; x_wconf 81' lang='lat' dir='ltr'><strong>consulum</strong></span> <span class='ocrx_word' id='word_1_124' title='bbox 997 1947 1120 2018; x_wconf 83' lang='lat' dir='ltr'><strong>altera</strong></span> <span class='ocrx_word' id='word_1_125' title='bbox 1131 1949 1225 2023; x_wconf 84' lang='lat' dir='ltr'><strong>bello</strong></span> 
     </span>
     <span class='ocr_line' id='line_1_17' title="bbox 159 2054 1225 2144; baseline 0.009 -22"><span class='ocrx_word' id='word_1_126' title='bbox 159 2072 380 2126; x_wconf 81' lang='lat' dir='ltr'><strong>avocaretur.</strong></span> <span class='ocrx_word' id='word_1_127' title='bbox 405 2054 569 2125; x_wconf 85' lang='lat' dir='ltr'><strong>Patribus</strong></span> <span class='ocrx_word' id='word_1_128' title='bbox 588 2056 720 2127; x_wconf 91' lang='lat' dir='ltr'><strong>rectius</strong></span> <span class='ocrx_word' id='word_1_129' title='bbox 738 2056 855 2131; x_wconf 81' lang='lat' dir='ltr'><strong>visum</strong></span> <span class='ocrx_word' id='word_1_130' title='bbox 875 2071 951 2144; x_wconf 89' lang='lat' dir='ltr'><strong>est,</strong></span> <span class='ocrx_word' id='word_1_131' title='bbox 973 2056 1185 2130; x_wconf 85' lang='lat' dir='ltr'><strong>dictatorem</strong></span> <span class='ocrx_word' id='word_1_132' title='bbox 1204 2087 1225 2132; x_wconf 80' lang='lat' dir='ltr'><strong>a</strong></span> 
     </span>
     <span class='ocr_line' id='line_1_18' title="bbox 133 2163 1227 2251; baseline 0.005 -17"><span class='ocrx_word' id='word_1_133' title='bbox 133 2244 136 2251; x_wconf 58' lang='lat'><strong>.</strong></span> <span class='ocrx_word' id='word_1_134' title='bbox 161 2166 312 2236; x_wconf 90' lang='lat' dir='ltr'><strong>consule</strong></span> <span class='ocrx_word' id='word_1_135' title='bbox 334 2163 426 2235; x_wconf 78' lang='lat' dir='ltr'><strong>diei⁸</strong></span> <span class='ocrx_word' id='word_1_136' title='bbox 442 2167 670 2236; x_wconf 89' lang='lat' dir='ltr'><strong>comitiorum</strong></span> <span class='ocrx_word' id='word_1_137' title='bbox 690 2163 945 2241; x_wconf 83' lang='lat' dir='ltr'><strong>habendorum</strong></span> <span class='ocrx_word' id='word_1_138' title='bbox 962 2191 1076 2236; x_wconf 85' lang='lat' dir='ltr'><strong>causa.</strong></span> <span class='ocrx_word' id='word_1_139' title='bbox 1099 2170 1227 2241; x_wconf 85' lang='lat' dir='ltr'><strong>Dictus</strong></span> 
     </span>
    </p>
   </div>
   <div class='ocr_carea' id='block_1_3' title="bbox 158 2274 1307 2681">
    <p class='ocr_par' dir='ltr' id='par_1_3' title="bbox 158 2274 1307 2681">
     <span class='ocr_line' id='line_1_19' title="bbox 158 2274 1226 2375; baseline 0.002 -29"><span class='ocrx_word' id='word_1_140' title='bbox 158 2279 198 2354; x_wconf 85' lang='lat' dir='ltr'><strong>L.</strong></span> <span class='ocrx_word' id='word_1_141' title='bbox 211 2278 383 2346; x_wconf 87' lang='lat' dir='ltr'><strong>Veturius</strong></span> <span class='ocrx_word' id='word_1_142' title='bbox 403 2276 528 2365; x_wconf 84' lang='lat' dir='ltr'><strong>Phile,</strong></span> <span class='ocrx_word' id='word_1_143' title='bbox 546 2277 604 2346; x_wconf 84' lang='grc' dir='ltr'><strong>Μ’.</strong></span> <span class='ocrx_word' id='word_1_144' title='bbox 626 2277 867 2373; x_wconf 88' lang='lat' dir='ltr'><strong>Pomponium</strong></span> <span class='ocrx_word' id='word_1_145' title='bbox 886 2274 1098 2356; x_wconf 79' lang='lat' dir='ltr'><strong>Mathonem</strong></span> <span class='ocrx_word' id='word_1_146' title='bbox 1112 2280 1226 2375; x_wconf 82' lang='lat' dir='ltr'><strong>magi-</strong></span> 
     </span>
     <span class='ocr_line' id='line_1_20' title="bbox 159 2387 1226 2485; baseline 0.006 -30"><span class='ocrx_word' id='word_1_147' title='bbox 159 2401 274 2456; x_wconf 87' lang='lat' dir='ltr'><strong>strum</strong></span> <span class='ocrx_word' id='word_1_148' title='bbox 296 2390 460 2483; x_wconf 91' lang='lat' dir='ltr'><strong>equitum</strong></span> <span class='ocrx_word' id='word_1_149' title='bbox 481 2387 581 2458; x_wconf 85' lang='lat' dir='ltr'><strong>dixit.</strong></span> <span class='ocrx_word' id='word_1_150' title='bbox 601 2389 664 2458; x_wconf 90' lang='lat' dir='ltr'><strong>His</strong></span> <span class='ocrx_word' id='word_1_151' title='bbox 677 2388 765 2456; x_wconf 84' lang='lat' dir='ltr'><strong>vitio</strong></span> <span class='ocrx_word' id='word_1_152' title='bbox 785 2387 911 2457; x_wconf 87' lang='lat' dir='ltr'><strong>creatis</strong></span> <span class='ocrx_word' id='word_1_153' title='bbox 919 2396 948 2475; x_wconf 87' lang='grc'><strong>9,</strong></span> <span class='ocrx_word' id='word_1_154' title='bbox 965 2387 1146 2485; x_wconf 86' lang='lat' dir='ltr'><strong>jussisque</strong></span> <span class='ocrx_word' id='word_1_155' title='bbox 1167 2389 1226 2462; x_wconf 89' lang='lat' dir='ltr'><strong>die</strong></span> 
     </span>
     <span class='ocr_line' id='line_1_21' title="bbox 159 2497 1307 2598; baseline 0.003 -30"><span class='ocrx_word' id='word_1_156' title='bbox 159 2514 290 2594; x_wconf 87' lang='lat' dir='ltr'><strong>quarto</strong></span> <span class='ocrx_word' id='word_1_157' title='bbox 303 2499 443 2570; x_wconf 89' lang='lat' dir='ltr'><strong>decimo</strong></span> <span class='ocrx_word' id='word_1_158' title='bbox 454 2525 492 2571; x_wconf 91' lang='lat' dir='ltr'><strong>se</strong></span> <span class='ocrx_word' id='word_1_159' title='bbox 501 2502 711 2596; x_wconf 83' lang='lat' dir='ltr'><strong>magistratu</strong></span> <span class='ocrx_word' id='word_1_160' title='bbox 720 2497 904 2586; x_wconf 82' lang='lat' dir='ltr'><strong>abdicare,</strong></span> <span class='ocrx_word' id='word_1_161' title='bbox 915 2497 961 2569; x_wconf 85' lang='lat' dir='ltr'><strong>ad</strong></span> <span class='ocrx_word' id='word_1_162' title='bbox 975 2500 1224 2598; x_wconf 84' lang='lat' dir='ltr'><strong>interregnum</strong></span> <span class='ocrx_word' id='word_1_163' title='bbox 1305 2503 1307 2508; x_wconf 76' lang='grc'><strong>’</strong></span> 
     </span>
     <span class='ocr_line' id='line_1_22' title="bbox 158 2609 790 2681; baseline 0.008 -3"><span class='ocrx_word' id='word_1_164' title='bbox 158 2630 216 2679; x_wconf 88' lang='lat' dir='ltr'><strong>res</strong></span> <span class='ocrx_word' id='word_1_165' title='bbox 230 2609 347 2681; x_wconf 89' lang='lat' dir='ltr'><strong>rediit.</strong></span> <span class='ocrx_word' id='word_1_166' title='bbox 788 2614 790 2619; x_wconf 71' lang='grc'>’</span> 
     </span>
    </p>
   </div>
   <div class='ocr_carea' id='block_1_4' title="bbox 136 2767 1227 4101">
    <p class='ocr_par' dir='ltr' id='par_1_4' title="bbox 136 2767 1227 4101">
     <span class='ocr_line' id='line_1_23' title="bbox 160 2767 1226 2834; baseline 0.003 -16"><span class='ocrx_word' id='word_1_167' title='bbox 160 2773 205 2834; x_wconf 88' lang='lat' dir='ltr'><strong>qui</strong></span> <span class='ocrx_word' id='word_1_168' title='bbox 219 2784 360 2821; x_wconf 79' lang='lat' dir='ltr'><strong>constanter</strong></span> <span class='ocrx_word' id='word_1_169' title='bbox 376 2772 468 2828; x_wconf 73' lang='grc' dir='ltr'><strong>Γένθιος</strong></span> <span class='ocrx_word' id='word_1_170' title='bbox 481 2772 584 2830; x_wconf 86' lang='lat' dir='ltr'><strong>dieitur,</strong></span> <span class='ocrx_word' id='word_1_171' title='bbox 601 2783 631 2819; x_wconf 86' lang='lat' dir='ltr'><strong>ut</strong></span> <span class='ocrx_word' id='word_1_172' title='bbox 646 2783 671 2819; x_wconf 86' lang='lat' dir='ltr'><strong>et</strong></span> <span class='ocrx_word' id='word_1_173' title='bbox 716 2768 796 2826; x_wconf 59' lang='lat' dir='ltr'><strong>idm.</strong></span> <span class='ocrx_word' id='word_1_174' title='bbox 807 2767 865 2831; x_wconf 84' lang='lat'><strong>12),</strong></span> <span class='ocrx_word' id='word_1_175' title='bbox 877 2785 952 2832; x_wconf 84' lang='lat' dir='ltr'><strong>quam</strong></span> <span class='ocrx_word' id='word_1_176' title='bbox 956 2783 1004 2832; x_wconf 82' lang='lat' dir='ltr'><strong>per</strong></span> <span class='ocrx_word' id='word_1_177' title='bbox 1012 2770 1154 2818; x_wconf 83' lang='lat' dir='ltr'><strong>seditionem</strong></span> <span class='ocrx_word' id='word_1_178' title='bbox 1164 2773 1226 2821; x_wconf 83' lang='lat' dir='ltr'><strong>mili·</strong></span> 
     </span>
     <span class='ocr_line' id='line_1_24' title="bbox 160 2848 1224 2914; baseline 0.003 -19"><span class='ocrx_word' id='word_1_179' title='bbox 160 2849 274 2912; x_wconf 75' lang='lat' dir='ltr'><strong>Appiano</strong></span> <span class='ocrx_word' id='word_1_180' title='bbox 286 2849 384 2897; x_wconf 79' lang='lat' dir='ltr'><strong>Maced.</strong></span> <span class='ocrx_word' id='word_1_181' title='bbox 393 2849 437 2908; x_wconf 83' lang='lat'><strong>16,</strong></span> <span class='ocrx_word' id='word_1_182' title='bbox 448 2860 472 2896; x_wconf 90' lang='lat' dir='ltr'><strong>et</strong></span> <span class='ocrx_word' id='word_1_183' title='bbox 482 2849 553 2912; x_wconf 80' lang='lat' dir='ltr'><strong>Illyr.</strong></span> <span class='ocrx_word' id='word_1_184' title='bbox 565 2865 593 2910; x_wconf 83' lang='lat'><strong>9,</strong></span> <span class='ocrx_word' id='word_1_185' title='bbox 603 2864 670 2895; x_wconf 88' lang='lat' dir='ltr'><strong>men·</strong></span> <span class='ocrx_word' id='word_1_186' title='bbox 715 2859 804 2904; x_wconf 80' lang='lat' dir='ltr'><strong>tarem,</strong></span> <span class='ocrx_word' id='word_1_187' title='bbox 815 2848 867 2906; x_wconf 79' lang='lat' dir='ltr'><strong>ejus</strong></span> <span class='ocrx_word' id='word_1_188' title='bbox 877 2859 997 2911; x_wconf 89' lang='lat' dir='ltr'><strong>tempore,</strong></span> <span class='ocrx_word' id='word_1_189' title='bbox 1007 2849 1047 2896; x_wconf 90' lang='lat' dir='ltr'><strong>vel</strong></span> <span class='ocrx_word' id='word_1_190' title='bbox 1059 2863 1160 2914; x_wconf 86' lang='lat' dir='ltr'><strong>propter</strong></span> <span class='ocrx_word' id='word_1_191' title='bbox 1171 2870 1224 2900; x_wconf 82' lang='lat' dir='ltr'><strong>eam</strong></span> 
     </span>
     <span class='ocr_line' id='line_1_25' title="bbox 136 2924 1224 2994; baseline -0.001 -15"><span class='ocrx_word' id='word_1_192' title='bbox 136 2964 138 2971; x_wconf 87' lang='lat'><em>·</em></span> <span class='ocrx_word' id='word_1_193' title='bbox 159 2930 219 2979; x_wconf 73' lang='lat' dir='ltr'><strong>doce</strong></span> <span class='ocrx_word' id='word_1_194' title='bbox 228 2943 311 2978; x_wconf 78' lang='lat' dir='ltr'><strong>autem</strong></span> <span class='ocrx_word' id='word_1_195' title='bbox 320 2924 426 2980; x_wconf 62' lang='lat' dir='ltr'><strong>reiltun</strong></span> <span class='ocrx_word' id='word_1_196' title='bbox 438 2941 463 2978; x_wconf 83' lang='lat' dir='ltr'><strong>et</strong></span> <span class='ocrx_word' id='word_1_197' title='bbox 473 2929 569 2986; x_wconf 79' lang='grc' dir='ltr'>Γέντιος</span> <span class='ocrx_word' id='word_1_198' title='bbox 578 2930 670 2979; x_wconf 77' lang='lat' dir='ltr'><strong>Athen.</strong></span> <span class='ocrx_word' id='word_1_199' title='bbox 715 2926 788 2989; x_wconf 69' lang='lat' dir='ltr'><strong>(ride</strong></span> <span class='ocrx_word' id='word_1_200' title='bbox 799 2926 830 2973; x_wconf 80' lang='lat' dir='ltr'><strong>ad</strong></span> <span class='ocrx_word' id='word_1_201' title='bbox 840 2929 877 2983; x_wconf 89' lang='lat'><strong>11,</strong></span> <span class='ocrx_word' id='word_1_202' title='bbox 890 2928 935 2986; x_wconf 87' lang='lat'><strong>18,</strong></span> <span class='ocrx_word' id='word_1_203' title='bbox 945 2943 970 2974; x_wconf 91' lang='lat' dir='ltr'><strong>n.</strong></span> <span class='ocrx_word' id='word_1_204' title='bbox 981 2943 1005 2985; x_wconf 90' lang='lat'><strong>1,</strong></span> <span class='ocrx_word' id='word_1_205' title='bbox 1014 2934 1038 2975; x_wconf 82' lang='lat' dir='ltr'><strong>e&#39;t</strong></span> <span class='ocrx_word' id='word_1_206' title='bbox 1047 2930 1079 2986; x_wconf 79' lang='lat' dir='ltr'><strong>V,</strong></span> <span class='ocrx_word' id='word_1_207' title='bbox 1093 2944 1122 2976; x_wconf 77' lang='lat'><strong>12</strong></span> <span class='ocrx_word' id='word_1_208' title='bbox 1130 2964 1136 2989; x_wconf 90' lang='lat'><strong>,</strong></span> <span class='ocrx_word' id='word_1_209' title='bbox 1145 2947 1170 2977; x_wconf 92' lang='lat' dir='ltr'><strong>n.</strong></span> <span class='ocrx_word' id='word_1_210' title='bbox 1179 2930 1224 2994; x_wconf 84' lang='lat'><strong>6),</strong></span> 
     </span>
     <span class='ocr_line' id='line_1_26' title="bbox 159 3005 1226 3072; baseline -0.001 -16"><span class='ocrx_word' id='word_1_211' title='bbox 159 3010 197 3068; x_wconf 75' lang='lat' dir='ltr'><strong>X,</strong></span> <span class='ocrx_word' id='word_1_212' title='bbox 208 3009 254 3068; x_wconf 71' lang='lat'><strong>54,</strong></span> <span class='ocrx_word' id='word_1_213' title='bbox 263 3020 287 3056; x_wconf 83' lang='lat' dir='ltr'><strong>et</strong></span> <span class='ocrx_word' id='word_1_214' title='bbox 298 3011 370 3067; x_wconf 80' lang='lat' dir='ltr'><strong>xlv,</strong></span> <span class='ocrx_word' id='word_1_215' title='bbox 380 3008 424 3072; x_wconf 76' lang='lat'><strong>4),</strong></span> <span class='ocrx_word' id='word_1_216' title='bbox 433 3009 476 3071; x_wconf 88' lang='lat' dir='ltr'><strong>qui</strong></span> <span class='ocrx_word' id='word_1_217' title='bbox 484 3007 564 3054; x_wconf 81' lang='lat' dir='ltr'><strong>victus</strong></span> <span class='ocrx_word' id='word_1_218' title='bbox 573 3019 669 3070; x_wconf 82' lang='lat' dir='ltr'><strong>captus·</strong></span> <span class='ocrx_word' id='word_1_219' title='bbox 714 3005 809 3052; x_wconf 84' lang='lat' dir='ltr'><strong>biennio</strong></span> <span class='ocrx_word' id='word_1_220' title='bbox 823 3017 880 3052; x_wconf 79' lang='lat' dir='ltr'><strong>ante</strong></span> <span class='ocrx_word' id='word_1_221' title='bbox 892 3007 920 3052; x_wconf 79' lang='lat' dir='ltr'><strong>L.</strong></span> <span class='ocrx_word' id='word_1_222' title='bbox 929 3006 1037 3053; x_wconf 75' lang='lat' dir='ltr'><strong>Manlius</strong></span> <span class='ocrx_word' id='word_1_223' title='bbox 1048 3008 1168 3055; x_wconf 79' lang='lat' dir='ltr'><strong>vovisset:</strong></span> <span class='ocrx_word' id='word_1_224' title='bbox 1182 3011 1226 3072; x_wconf 84' lang='lat' dir='ltr'><strong>qui</strong></span> 
     </span>
     <span class='ocr_line' id='line_1_27' title="bbox 159 3084 1227 3151; baseline 0 -15"><span class='ocrx_word' id='word_1_225' title='bbox 159 3102 207 3151; x_wconf 82' lang='lat' dir='ltr'><strong>qne</strong></span> <span class='ocrx_word' id='word_1_226' title='bbox 230 3089 261 3135; x_wconf 81' lang='lat' dir='ltr'><strong>ab</strong></span> <span class='ocrx_word' id='word_1_227' title='bbox 283 3089 372 3135; x_wconf 78' lang='lat' dir='ltr'><strong>Anicio</strong></span> <span class='ocrx_word' id='word_1_228' title='bbox 397 3104 453 3134; x_wconf 88' lang='lat' dir='ltr'><strong>cnm</strong></span> <span class='ocrx_word' id='word_1_229' title='bbox 476 3086 572 3134; x_wconf 81' lang='lat' dir='ltr'><strong>dnobus</strong></span> <span class='ocrx_word' id='word_1_230' title='bbox 595 3084 668 3144; x_wconf 75' lang='lat' dir='ltr'><strong>filiis,</strong></span> <span class='ocrx_word' id='word_1_231' title='bbox 713 3097 794 3132; x_wconf 81' lang='lat' dir='ltr'><strong>tamen</strong></span> <span class='ocrx_word' id='word_1_232' title='bbox 811 3100 877 3131; x_wconf 82' lang='lat' dir='ltr'><strong>euno</strong></span> <span class='ocrx_word' id='word_1_233' title='bbox 894 3085 977 3146; x_wconf 83' lang='lat' dir='ltr'><strong>potins</strong></span> <span class='ocrx_word' id='word_1_234' title='bbox 992 3086 1118 3147; x_wconf 72' lang='lat' dir='ltr'><strong>superlore</strong></span> <span class='ocrx_word' id='word_1_235' title='bbox 1129 3099 1227 3150; x_wconf 75' lang='lat' dir='ltr'><strong>prator</strong></span> 
     </span>
     <span class='ocr_line' id='line_1_28' title="bbox 158 3162 1222 3225; baseline -0.004 -10"><span class='ocrx_word' id='word_1_236' title='bbox 158 3168 305 3215; x_wconf 77' lang='lat' dir='ltr'><strong>Seerdiloedo</strong></span> <span class='ocrx_word' id='word_1_237' title='bbox 327 3179 352 3215; x_wconf 89' lang='lat' dir='ltr'><strong>et</strong></span> <span class='ocrx_word' id='word_1_238' title='bbox 373 3168 500 3222; x_wconf 76' lang='lat' dir='ltr'><strong>Pleurato,</strong></span> <span class='ocrx_word' id='word_1_239' title='bbox 521 3168 624 3213; x_wconf 85' lang='lat' dir='ltr'><strong>Romam</strong></span> <span class='ocrx_word' id='word_1_240' title='bbox 642 3166 669 3213; x_wconf 87' lang='lat' dir='ltr'><strong>in</strong></span> <span class='ocrx_word' id='word_1_241' title='bbox 713 3163 738 3208; x_wconf 89' lang='lat' dir='ltr'><strong>in</strong></span> <span class='ocrx_word' id='word_1_242' title='bbox 752 3162 837 3210; x_wconf 84' lang='lat' dir='ltr'><strong>Gallia</strong></span> <span class='ocrx_word' id='word_1_243' title='bbox 851 3162 936 3210; x_wconf 82' lang='lat' dir='ltr'><strong>lueret.</strong></span> <span class='ocrx_word' id='word_1_244' title='bbox 951 3163 1023 3210; x_wconf 82' lang='lat' dir='ltr'><strong>Conf.</strong></span> <span class='ocrx_word' id='word_1_245' title='bbox 1034 3164 1166 3225; x_wconf 77' lang='lat' dir='ltr'><strong>xx1,17,</strong></span> <span class='ocrx_word' id='word_1_246' title='bbox 1180 3168 1222 3216; x_wconf 80' lang='lat'><strong>25.</strong></span> 
     </span>
     <span class='ocr_line' id='line_1_29' title="bbox 158 3241 1225 3311; baseline -0.002 -17"><span class='ocrx_word' id='word_1_247' title='bbox 158 3247 309 3311; x_wconf 79' lang='lat' dir='ltr'><strong>triumphum</strong></span> <span class='ocrx_word' id='word_1_248' title='bbox 324 3247 444 3293; x_wconf 81' lang='lat' dir='ltr'><strong>abductus</strong></span> <span class='ocrx_word' id='word_1_249' title='bbox 457 3256 495 3292; x_wconf 77' lang='lat' dir='ltr'><strong>est</strong></span> <span class='ocrx_word' id='word_1_250' title='bbox 508 3245 560 3293; x_wconf 67' lang='lat' dir='ltr'><strong>niv.</strong></span> <span class='ocrx_word' id='word_1_251' title='bbox 575 3245 668 3304; x_wconf 84' lang='lat' dir='ltr'><strong>XLIV,</strong></span> <span class='ocrx_word' id='word_1_252' title='bbox 712 3243 785 3288; x_wconf 82' lang='lat' dir='ltr'><strong>Forte</strong></span> <span class='ocrx_word' id='word_1_253' title='bbox 798 3241 925 3302; x_wconf 58' lang='lat' dir='ltr'><strong>legerim</strong></span> <span class='ocrx_word' id='word_1_254' title='bbox 939 3252 996 3287; x_wconf 81' lang='lat' dir='ltr'><strong>ante</strong></span> <span class='ocrx_word' id='word_1_255' title='bbox 1001 3274 1060 3289; x_wconf 89' lang='grc'><strong>.....</strong></span> <span class='ocrx_word' id='word_1_256' title='bbox 1066 3243 1174 3292; x_wconf 78' lang='lat' dir='ltr'><strong>locatam</strong></span> <span class='ocrx_word' id='word_1_257' title='bbox 1186 3263 1225 3310; x_wconf 76' lang='lat' dir='ltr'><strong>sq.</strong></span> 
     </span>
     <span class='ocr_line' id='line_1_30' title="bbox 160 3318 1224 3388; baseline -0.004 -14"><span class='ocrx_word' id='word_1_258' title='bbox 160 3327 207 3385; x_wconf 81' lang='lat'><strong>32;</strong></span> <span class='ocrx_word' id='word_1_259' title='bbox 226 3329 308 3384; x_wconf 74' lang='lat' dir='ltr'><strong>XLV,</strong></span> <span class='ocrx_word' id='word_1_260' title='bbox 323 3329 366 3383; x_wconf 77' lang='grc'><strong>43,</strong></span> <span class='ocrx_word' id='word_1_261' title='bbox 377 3349 391 3368; x_wconf 77' lang='lat' dir='ltr'><strong>n</strong></span> <span class='ocrx_word' id='word_1_262' title='bbox 407 3328 445 3373; x_wconf 91' lang='lat' dir='ltr'><strong>De</strong></span> <span class='ocrx_word' id='word_1_263' title='bbox 465 3325 548 3372; x_wconf 83' lang='lat' dir='ltr'><strong>Gentii</strong></span> <span class='ocrx_word' id='word_1_264' title='bbox 568 3340 668 3388; x_wconf 83' lang='lat' dir='ltr'><strong>genere,</strong></span> <span class='ocrx_word' id='word_1_265' title='bbox 712 3319 821 3370; x_wconf 74' lang='lat' dir='ltr'><strong>vidend</strong></span> <span class='ocrx_word' id='word_1_266' title='bbox 834 3318 924 3366; x_wconf 80' lang='lat' dir='ltr'><strong>librum</strong></span> <span class='ocrx_word' id='word_1_267' title='bbox 937 3320 969 3378; x_wconf 79' lang='lat' dir='ltr'><strong>V,</strong></span> <span class='ocrx_word' id='word_1_268' title='bbox 981 3335 1034 3384; x_wconf 79' lang='lat' dir='ltr'><strong>cap.</strong></span> <span class='ocrx_word' id='word_1_269' title='bbox 1047 3322 1096 3379; x_wconf 40' lang='lat'><strong>23⁴,</strong></span> <span class='ocrx_word' id='word_1_270' title='bbox 1109 3339 1135 3372; x_wconf 87' lang='lat' dir='ltr'><strong>n.</strong></span> <span class='ocrx_word' id='word_1_271' title='bbox 1149 3325 1174 3372; x_wconf 85' lang='lat'><strong>6.</strong></span> <span class='ocrx_word' id='word_1_272' title='bbox 1187 3350 1224 3362; x_wconf 84' lang='lat'><strong>-·</strong></span> 
     </span>
     <span class='ocr_line' id='line_1_31' title="bbox 158 3397 1224 3465; baseline 0 -13"><span class='ocrx_word' id='word_1_273' title='bbox 158 3422 250 3465; x_wconf 80' lang='lat' dir='ltr'><strong>uxore,</strong></span> <span class='ocrx_word' id='word_1_274' title='bbox 263 3405 320 3455; x_wconf 83' lang='lat' dir='ltr'><strong>filiis</strong></span> <span class='ocrx_word' id='word_1_275' title='bbox 331 3419 355 3453; x_wconf 93' lang='lat' dir='ltr'><strong>et</strong></span> <span class='ocrx_word' id='word_1_276' title='bbox 364 3406 479 3454; x_wconf 80' lang='lat' dir='ltr'><strong>fratribus</strong></span> <span class='ocrx_word' id='word_1_277' title='bbox 490 3422 513 3451; x_wconf 86' lang='lat' dir='ltr'><strong>v.</strong></span> <span class='ocrx_word' id='word_1_278' title='bbox 524 3405 569 3451; x_wconf 84' lang='lat' dir='ltr'><strong>inf.</strong></span> <span class='ocrx_word' id='word_1_279' title='bbox 578 3404 669 3462; x_wconf 81' lang='lat' dir='ltr'><strong>XLIV,</strong></span> <span class='ocrx_word' id='word_1_280' title='bbox 712 3401 821 3446; x_wconf 81' lang='lat' dir='ltr'><strong>Praetare</strong></span> <span class='ocrx_word' id='word_1_281' title='bbox 834 3397 913 3456; x_wconf 55' lang='grc' dir='ltr'><strong>αὐέκ</strong></span> <span class='ocrx_word' id='word_1_282' title='bbox 924 3399 980 3446; x_wconf 86' lang='lat' dir='ltr'><strong>vide</strong></span> <span class='ocrx_word' id='word_1_283' title='bbox 993 3399 1025 3446; x_wconf 76' lang='lat' dir='ltr'><strong>ed</strong></span> <span class='ocrx_word' id='word_1_284' title='bbox 1036 3400 1127 3448; x_wconf 80' lang='lat' dir='ltr'><strong>librum</strong></span> <span class='ocrx_word' id='word_1_285' title='bbox 1139 3404 1224 3464; x_wconf 75' lang='lat' dir='ltr'><strong>XXV,</strong></span> 
     </span>
     <span class='ocr_line' id='line_1_32' title="bbox 160 3486 879 3541; baseline -0.011 -9"><span class='ocrx_word' id='word_1_286' title='bbox 160 3486 193 3532; x_wconf 75' lang='lat'><strong>30</strong></span> <span class='ocrx_word' id='word_1_287' title='bbox 208 3497 232 3534; x_wconf 85' lang='lat' dir='ltr'><strong>et</strong></span> <span class='ocrx_word' id='word_1_288' title='bbox 249 3488 290 3534; x_wconf 80' lang='lat'><strong>32.</strong></span> <span class='ocrx_word' id='word_1_289' title='bbox 502 3526 505 3533; x_wconf 92' lang='grc'>,</span> <span class='ocrx_word' id='word_1_290' title='bbox 713 3495 804 3541; x_wconf 78' lang='lat' dir='ltr'><strong>eap,1‚</strong></span> <span class='ocrx_word' id='word_1_291' title='bbox 818 3495 844 3524; x_wconf 88' lang='lat' dir='ltr'><strong>n.</strong></span> <span class='ocrx_word' id='word_1_292' title='bbox 856 3494 879 3537; x_wconf 84' lang='lat'><strong>7.</strong></span> 
     </span>
     <span class='ocr_line' id='line_1_33' title="bbox 170 3557 1225 3628; baseline -0.001 -16"><span class='ocrx_word' id='word_1_293' title='bbox 170 3598 171 3602; x_wconf 53' lang='lat'><em>=</em></span> <span class='ocrx_word' id='word_1_294' title='bbox 195 3566 220 3613; x_wconf 81' lang='lat'><strong>5.</strong></span> <span class='ocrx_word' id='word_1_295' title='bbox 232 3567 326 3613; x_wconf 83' lang='lat' dir='ltr'><strong>Bellum</strong></span> <span class='ocrx_word' id='word_1_296' title='bbox 336 3566 418 3628; x_wconf 78' lang='lat' dir='ltr'><strong>ingens</strong></span> <span class='ocrx_word' id='word_1_297' title='bbox 428 3564 453 3610; x_wconf 92' lang='lat' dir='ltr'><strong>in</strong></span> <span class='ocrx_word' id='word_1_298' title='bbox 465 3562 593 3610; x_wconf 78' lang='lat' dir='ltr'><strong>cervicibus</strong></span> <span class='ocrx_word' id='word_1_299' title='bbox 603 3573 669 3616; x_wconf 58' lang='lat' dir='ltr'><strong>eran·</strong></span> <span class='ocrx_word' id='word_1_300' title='bbox 749 3572 772 3618; x_wconf 85' lang='lat'><strong>7.</strong></span> <span class='ocrx_word' id='word_1_301' title='bbox 786 3558 874 3615; x_wconf 64' lang='lat' dir='ltr'><strong>AEden</strong></span> <span class='ocrx_word' id='word_1_302' title='bbox 891 3558 915 3605; x_wconf 86' lang='lat' dir='ltr'><strong>in</strong></span> <span class='ocrx_word' id='word_1_303' title='bbox 930 3557 1154 3624; x_wconf 62' lang='lat' dir='ltr'><strong>arefaciendam</strong></span> <span class='ocrx_word' id='word_1_304' title='bbox 1165 3560 1225 3611; x_wconf 71' lang='lat' dir='ltr'><strong>vide</strong></span> 
     </span>
     <span class='ocr_line' id='line_1_34' title="bbox 157 3637 936 3702; baseline -0.01 -10"><span class='ocrx_word' id='word_1_305' title='bbox 157 3644 261 3692; x_wconf 78' lang='lat' dir='ltr'><strong>vidend</strong></span> <span class='ocrx_word' id='word_1_306' title='bbox 275 3647 325 3702; x_wconf 89' lang='lat'><strong>111,</strong></span> <span class='ocrx_word' id='word_1_307' title='bbox 342 3645 510 3701; x_wconf 80' lang='lat' dir='ltr'><strong>31‚n.1.-</strong></span> <span class='ocrx_word' id='word_1_308' title='bbox 525 3641 622 3688; x_wconf 82' lang='lat' dir='ltr'><strong>Nullius</strong></span> <span class='ocrx_word' id='word_1_309' title='bbox 635 3640 672 3686; x_wconf 85' lang='lat' dir='ltr'><strong>rei</strong></span> <span class='ocrx_word' id='word_1_310' title='bbox 713 3637 836 3696; x_wconf 79' lang='lat' dir='ltr'><strong>ad1,55,</strong></span> <span class='ocrx_word' id='word_1_311' title='bbox 848 3655 872 3687; x_wconf 89' lang='lat' dir='ltr'><strong>n.</strong></span> <span class='ocrx_word' id='word_1_312' title='bbox 883 3638 908 3684; x_wconf 84' lang='lat'><strong>6.</strong></span> <span class='ocrx_word' id='word_1_313' title='bbox 932 3655 936 3665; x_wconf 81' lang='grc'>’</span> 
     </span>
     <span class='ocr_line' id='line_1_35' title="bbox 158 3718 1227 3788; baseline -0.003 -17"><span class='ocrx_word' id='word_1_314' title='bbox 158 3740 232 3781; x_wconf 84' lang='lat' dir='ltr'><strong>cura,</strong></span> <span class='ocrx_word' id='word_1_315' title='bbox 246 3740 277 3770; x_wconf 87' lang='lat' dir='ltr'><strong>ne</strong></span> <span class='ocrx_word' id='word_1_316' title='bbox 291 3724 424 3788; x_wconf 76' lang='lat' dir='ltr'><strong>longinqua</strong></span> <span class='ocrx_word' id='word_1_317' title='bbox 438 3722 549 3787; x_wconf 85' lang='lat' dir='ltr'><strong>quidem,¹</strong></span> <span class='ocrx_word' id='word_1_318' title='bbox 564 3721 599 3767; x_wconf 88' lang='lat' dir='ltr'><strong>rei</strong></span> <span class='ocrx_word' id='word_1_319' title='bbox 613 3735 670 3783; x_wconf 87' lang='lat' dir='ltr'><strong>pro·</strong></span> <span class='ocrx_word' id='word_1_320' title='bbox 751 3720 773 3764; x_wconf 91' lang='lat'><strong>8.</strong></span> <span class='ocrx_word' id='word_1_321' title='bbox 783 3718 934 3764; x_wconf 74' lang='lat' dir='ltr'><strong>Dictaturam</strong></span> <span class='ocrx_word' id='word_1_322' title='bbox 943 3734 960 3764; x_wconf 86' lang='lat' dir='ltr'><strong>a</strong></span> <span class='ocrx_word' id='word_1_323' title='bbox 969 3719 1065 3767; x_wconf 84' lang='lat' dir='ltr'><strong>consule</strong></span> <span class='ocrx_word' id='word_1_324' title='bbox 1073 3719 1150 3767; x_wconf 79' lang='lat' dir='ltr'><strong>altero</strong></span> <span class='ocrx_word' id='word_1_325' title='bbox 1159 3719 1227 3779; x_wconf 75' lang='lat' dir='ltr'><strong>diei,-</strong></span> 
     </span>
     <span class='ocr_line' id='line_1_36' title="bbox 159 3796 1224 3863; baseline -0.004 -11"><span class='ocrx_word' id='word_1_326' title='bbox 159 3804 199 3851; x_wconf 88' lang='lat' dir='ltr'><strong>cul</strong></span> <span class='ocrx_word' id='word_1_327' title='bbox 211 3815 327 3862; x_wconf 76' lang='lat' dir='ltr'><strong>remotoe3</strong></span> <span class='ocrx_word' id='word_1_328' title='bbox 342 3801 382 3849; x_wconf 81' lang='lat' dir='ltr'><strong>sed</strong></span> <span class='ocrx_word' id='word_1_329' title='bbox 397 3802 431 3848; x_wconf 78' lang='lat' dir='ltr'><strong>ita</strong></span> <span class='ocrx_word' id='word_1_330' title='bbox 445 3802 506 3848; x_wconf 85' lang='lat' dir='ltr'><strong>forte</strong></span> <span class='ocrx_word' id='word_1_331' title='bbox 518 3801 564 3863; x_wconf 80' lang='lat' dir='ltr'><strong>leg.</strong></span> <span class='ocrx_word' id='word_1_332' title='bbox 576 3799 670 3863; x_wconf 75' lang='lat' dir='ltr'><strong>Iongin·</strong></span> <span class='ocrx_word' id='word_1_333' title='bbox 714 3796 762 3843; x_wconf 81' lang='lat' dir='ltr'><strong>nisi</strong></span> <span class='ocrx_word' id='word_1_334' title='bbox 775 3798 859 3859; x_wconf 82' lang='lat' dir='ltr'><strong>potius</strong></span> <span class='ocrx_word' id='word_1_335' title='bbox 871 3797 918 3860; x_wconf 81' lang='lat' dir='ltr'><strong>leg.</strong></span> <span class='ocrx_word' id='word_1_336' title='bbox 931 3813 948 3844; x_wconf 86' lang='lat' dir='ltr'><strong>a</strong></span> <span class='ocrx_word' id='word_1_337' title='bbox 963 3799 1114 3857; x_wconf 84' lang='lat' dir='ltr'><strong>consulibus,</strong></span> <span class='ocrx_word' id='word_1_338' title='bbox 1129 3800 1224 3848; x_wconf 81' lang='lat' dir='ltr'><strong>scilicet</strong></span> 
     </span>
     <span class='ocr_line' id='line_1_37' title="bbox 159 3877 1099 3947; baseline -0.001 -20"><span class='ocrx_word' id='word_1_339' title='bbox 159 3877 230 3944; x_wconf 64' lang='lat' dir='ltr'><strong>qum</strong></span> <span class='ocrx_word' id='word_1_340' title='bbox 239 3885 334 3930; x_wconf 85' lang='lat' dir='ltr'><strong>Emest.</strong></span> <span class='ocrx_word' id='word_1_341' title='bbox 350 3907 385 3916; x_wconf 89' lang='lat'><em>-</em></span> <span class='ocrx_word' id='word_1_342' title='bbox 401 3881 431 3925; x_wconf 90' lang='lat' dir='ltr'><strong>In</strong></span> <span class='ocrx_word' id='word_1_343' title='bbox 444 3878 583 3944; x_wconf 75' lang='lat' dir='ltr'><strong>religionem</strong></span> <span class='ocrx_word' id='word_1_344' title='bbox 597 3878 670 3926; x_wconf 85' lang='lat' dir='ltr'><strong>etiam</strong></span> <span class='ocrx_word' id='word_1_345' title='bbox 714 3892 764 3924; x_wconf 88' lang='lat' dir='ltr'><strong>rem</strong></span> <span class='ocrx_word' id='word_1_346' title='bbox 777 3877 841 3923; x_wconf 88' lang='lat' dir='ltr'><strong>inter</strong></span> <span class='ocrx_word' id='word_1_347' title='bbox 854 3893 880 3925; x_wconf 83' lang='lat' dir='ltr'><strong>se</strong></span> <span class='ocrx_word' id='word_1_348' title='bbox 894 3879 1099 3947; x_wconf 77' lang='lat' dir='ltr'><strong>comparantibus.</strong></span> 
     </span>
     <span class='ocr_line' id='line_1_38' title="bbox 158 3955 1224 4019; baseline -0.001 -10"><span class='ocrx_word' id='word_1_349' title='bbox 158 3962 243 4019; x_wconf 54' lang='lat' dir='ltr'><strong>‘renim</strong></span> <span class='ocrx_word' id='word_1_350' title='bbox 253 3961 310 4009; x_wconf 86' lang='lat' dir='ltr'><strong>vide</strong></span> <span class='ocrx_word' id='word_1_351' title='bbox 321 3961 353 4008; x_wconf 84' lang='lat' dir='ltr'><strong>ad</strong></span> <span class='ocrx_word' id='word_1_352' title='bbox 366 3963 404 4018; x_wconf 90' lang='lat'><strong>11,</strong></span> <span class='ocrx_word' id='word_1_353' title='bbox 415 3960 430 4006; x_wconf 81' lang='lat'><em>5</em></span> <span class='ocrx_word' id='word_1_354' title='bbox 436 3994 443 4017; x_wconf 97' lang='lat'><strong>,</strong></span> <span class='ocrx_word' id='word_1_355' title='bbox 456 3975 481 4005; x_wconf 87' lang='lat' dir='ltr'><strong>n.</strong></span> <span class='ocrx_word' id='word_1_356' title='bbox 492 3967 516 4012; x_wconf 74' lang='grc'><strong>4.</strong></span> <span class='ocrx_word' id='word_1_357' title='bbox 750 3973 773 4018; x_wconf 82' lang='grc'><strong>9.</strong></span> <span class='ocrx_word' id='word_1_358' title='bbox 788 3955 833 4003; x_wconf 83' lang='lat' dir='ltr'><strong>His</strong></span> <span class='ocrx_word' id='word_1_359' title='bbox 843 3955 905 4002; x_wconf 74' lang='lat' dir='ltr'><strong>uitio</strong></span> <span class='ocrx_word' id='word_1_360' title='bbox 915 3957 1002 4005; x_wconf 69' lang='lat' dir='ltr'><strong>ereans</strong></span> <span class='ocrx_word' id='word_1_361' title='bbox 1007 3976 1018 4016; x_wconf 88' lang='lat'><em>;</em></span> <span class='ocrx_word' id='word_1_362' title='bbox 1027 3959 1077 4006; x_wconf 78' lang='lat' dir='ltr'><strong>vid.</strong></span> <span class='ocrx_word' id='word_1_363' title='bbox 1087 3960 1119 4007; x_wconf 72' lang='lat' dir='ltr'><strong>ed</strong></span> <span class='ocrx_word' id='word_1_364' title='bbox 1132 3959 1224 4008; x_wconf 72' lang='lat' dir='ltr'><strong>librum</strong></span> 
     </span>
     <span class='ocr_line' id='line_1_39' title="bbox 195 4036 923 4101; baseline -0.007 -15"><span class='ocrx_word' id='word_1_365' title='bbox 195 4041 220 4086; x_wconf 84' lang='lat'><strong>6.</strong></span> <span class='ocrx_word' id='word_1_366' title='bbox 232 4042 321 4090; x_wconf 83' lang='lat' dir='ltr'><strong>AEdem</strong></span> <span class='ocrx_word' id='word_1_367' title='bbox 336 4038 477 4087; x_wconf 74' lang='lat' dir='ltr'><strong>Concordia</strong></span> <span class='ocrx_word' id='word_1_368' title='bbox 491 4036 562 4098; x_wconf 84' lang='lat' dir='ltr'><strong>(vide</strong></span> <span class='ocrx_word' id='word_1_369' title='bbox 573 4037 604 4083; x_wconf 78' lang='lat' dir='ltr'><strong>ad</strong></span> <span class='ocrx_word' id='word_1_370' title='bbox 617 4038 669 4096; x_wconf 74' lang='lat'><strong>11,</strong></span> <span class='ocrx_word' id='word_1_371' title='bbox 713 4037 923 4101; x_wconf 71' lang='lat' dir='ltr'><strong>V‚cap.17,n.4.</strong></span> 
     </span>
    </p>
   </div>
   <div class='ocr_carea' id='block_1_5' title="bbox 0 0 1396 4568">
    <p class='ocr_par' dir='ltr' id='par_1_5' title="bbox 0 0 1396 4568">
     <span class='ocr_line' id='line_1_40' title="bbox 0 0 1396 4568; baseline 0 0"><span class='ocrx_word' id='word_1_372' title='bbox 0 0 1396 4568; x_wconf 95' lang='lat' dir='ltr'><strong> </strong></span> 
     </span>
    </p>
   </div>
  </div>
 </body>
</html>
