2782 4568
171 243 291 346 3:353}
312 259 406 326 ma
428 258 532 324 xxi.
556 259 660 328 car
685 261 834 328 xxm
858 261 999 326 xxiv.
1019 262 1135 329 xxv
1160 263 1204 355 [ιι

146 380 220 451 litia
240 387 437 462 seusei-aff,
454 382 674 474 Carpetanos
690 404 841 476 quoque
861 377 906 453 ab
926 402 965 449 se
981 378 1185 500 dimissos
1159 408 1206 451 sr-

102 525 112 549 ·
146 490 297 560 mulans.

193 603 320 669 XXIV.
342 596 451 684 Inde,
472 623 518 669 ne
540 622 642 669 mora
658 613 768 696 atque
786 602 902 671 otium
923 602 1063 671 animos
1081 601 1209 672 sollici-

147 723 264 787 tarent
276 720 301 797 ¹,
316 734 398 780 cum
417 708 564 805 reliquis
581 711 694 806 copiis
712 715 922 804 Pyrenaeum
936 711 1208 806 transgreditur,

145 818 242 889 etad
260 818 436 916 oppidum
452 818 613 889 Illiberi²
628 832 742 890 castra
761 819 865 891 locat
890 819 984 891 Galli
1001 845 1208 944 quanquam

146 928 256 1007 Italiae
275 927 413 1000 bellum
426 927 551 1000 inferri
574 928 789 1017 audiebant,
809 945 931 1000 tamen
940 931 1054 1027 ,quia
1072 932 1107 999 vi
1128 929 1209 1000 sub·

147 1054 246 1111 actos
268 1054 365 1111 trans
382 1031 590 1134 Pyrenaeum
608 1040 789 1135 Hispanos
805 1024 899 1110 lama
916 1056 991 1111 erat
999 1040 1210 1138 ,praesidia-

78 1180 81 1185 ’
146 1170 219 1243 que
233 1146 370 1217 valida
362 1149 549 1245 imposita,
562 1161 664 1226 metu
677 1149 859 1219 servitutis
876 1149 922 1220 ad
941 1174 1040 1221 arma
1056 1167 1211 1222 conster-

147 1254 261 1346 nati³‚
280 1259 525 1329 Ruscinonem
544 1257 683 1354 aliquot
704 1257 831 1355 populi
850 1261 1083 1330 conveniunt.
1102 1260 1212 1351 Quod

127 1366 214 1438 'ubi
237 1367 432 1439 Hannibali
457 1368 663 1439 nuntiatum
688 1382 766 1457 εει,
785 1393 926 1439 moram
947 1371 1076 1466 magis,
1103 1395 1213 1466 quam

147 1475 509 1565 bellum‚1netuens,
537 1493 698 1550 oratores
722 1479 766 1549 ad
789 1479 934 1576 regulos
952 1503 1079 1550 eorum
1096 1483 1213 1569 misit,

146 1587 312 1683 colloqui
329 1603 440 1657 semet
465 1593 575 1684 ipsam
598 1588 691 1659 velle
713 1614 794 1660 cam
815 1589 896 1672 his3
918 1604 953 1660 et
971 1588 1035 1659 vel
1053 1589 1108 1660 illi
1121 1615 1210 1688 pro-

140 1703 231 1794 pius
248 1696 391 1768 Illiberi
410 1698 635 1781 accederem,
661 1698 724 1768 vel
745 1725 780 1770 se
804 1703 1049 1770 Ruscinonem
1060 1725 1211 1798 proces-

147 1832 295 1894 suram,
322 1823 362 1878 ut
384 1832 433 1877 ea
450 1812 664 1904 propinquo
691 1833 896 1906 congressus
909 1808 1064 1899 facilior
1089 1828 1179 1882 esset
1200 1838 1210 1880 :

151 1942 234 1989 nam
253 1934 289 1988 et
308 1933 540 2014 accepturam
564 1942 625 1988 eos
644 1924 681 1987 in
698 1937 816 1991 castra
835 1946 902 1992 sao
919 1945 956 1991 se
974 1919 1120 2008 laam,
1148 1947 1213 1992 neo

153 2044 360 2101 cunctanter
370 2053 407 2098 se
423 2033 537 2125 qisam
556 2019 610 2100 ad
619 2051 682 2100 eor
698 2045 900 2103 venturam.
913 2036 1101 2127 Hospitem
1119 2035 1214 2102 enim

152 2162 190 2208 se
209 2116 368 2224 Gallice,
392 2162 466 2209 non
489 2137 650 2224 hostem,
678 2138 898 2214 advenisse:
919 2164 985 2211 nec
1014 2144 1215 2210 striatarum

153 2263 238 2319 ante
252 2246 441 2344 gladium,
461 2253 497 2318 si
509 2273 580 2344 per
592 2247 718 2329 Gallos
735 2247 862 2334 affceat
883 2273 997 2343 qaam
1016 2253 1054 2317 in
1067 2246 1216 2318 Italiam

153 2364 314 2433 venisset.
336 2363 381 2431 Et
400 2383 466 2456 per
488 2361 638 2431 nuntios
657 2358 806 2456 quidem
824 2358 900 2431 haec
916 2386 923 2428 :
940 2374 982 2431 ut
997 2382 1084 2430 vero
1100 2358 1215 2456 reguli

141 2469 363 2557 Gallorum,
384 2471 508 2542 castris
520 2469 565 2540 ad
582 2469 755 2545 Illiberim
774 2470 959 2568 extemplo
975 2470 1102 2557 motis,
1117 2468 1216 2540 haud

156 2593 300 2677 gravate
313 2579 359 2650 ad
376 2585 529 2652 Poenum
547 2597 727 2655 venerunt
740 2611 749 2671 3
770 2585 865 2681 capti
878 2583 1001 2672 donis,
1020 2609 1104 2656 cnm
1118 2582 1215 2653 bona

156 2711 244 2785 pace
259 2691 456 2763 exercitum
470 2717 535 2789 per
548 2690 640 2763 fines
651 2718 735 2768 suos
750 2709 880 2791 praeter
894 2697 1138 2767 Ruscinonem
1154 2718 1216 2791 op·

157 2795 287 2894 pidum
303 2802 589 2872 transmiserunt.

207 2911 314 2979 XXV.
332 2914 375 2980 ln
388 2911 527 2981 Italiam
545 2912 689 2982 interim
709 2912 798 2982 nihil
813 2914 925 3002 ultra,
944 2939 1051 3010 quarn
1070 2913 1215 2984 Iberum

157 3020 324 3092 transisse
336 3020 592 3110 Hannibalem,
606 3024 912 3096 aMassiliensium
927 3023 1051 3121 legatis
1065 3028 1215 3092 Romam

194 3242 218 3273 a.
234 3227 298 3288 Quos
309 3239 334 3275 et
345 3227 395 3290 abac
402 3227 504 3292 gravari
515 3225 603 3273 militia
615 3240 668 3272 sen·
712 3234 737 3268 et
758 3233 845 3268 neutro
868 3236 954 3282 genere
973 3218 1081 3282 Illitargi
1099 3217 1220 3284 (xxm,

158 3317 240 3364 serat,
252 3307 303 3355 imo
317 3307 379 3372 ipsos
393 3323 419 3372 g.
413 3306 575 3369 militiam
590 3307 667 3354 Gron.
714 3299 766 3365 49),
773 3299 868 3347 Intibili
877 3298 972 3363 (ibrd)
982 3297 1082 3353 Illiberi,
1096 3297 1167 3345 Illici.
1182 3299 1220 3346 Cf.

160 3385 374 3450 -carpetanos‚·
368 3385 482 3434 vidend
495 3402 568 3449 cap.
563 3385 593 3442 5,
605 3400 630 3430 ιι
643 3400 667 3443 7.
712 3379 788 3429 Drak
805 3377 900 3426 Illiberi
917 3378 976 3426 Mel.
996 3380 1039 3436 ΙΙ,
1061 3377 1084 3424 5.
1101 3378 1219 3435 Eliberri,

195 3463 670 3515 craxxlv.1Anmoss0aiciearem
714 3461 780 3512 Ptol.
803 3447 990 3528 biiepnstrab
1001 3446 1089 3526 laossigi‘
1067 3476 1130 3528 (ιρις,
1147 3474 1222 3506 ama·

160 3541 192 3591 ad
203 3542 363 3605 seditionem
376 3546 450 3594 Doer
716 3553 753 3589 tre
766 3538 962 3591 constantium.
979 3537 1071 3584 dicum
1084 3539 1186 3595 Helena,
1198 3550 1223 3586 et

197 3638 220 3668 2.
236 3624 279 3670 Ad
290 3621 407 3688 oppidum
421 3623 457 3670 Ill
455 3622 547 3679 iberi;
539 3633 572 3669 ιιι
585 3622 612 3668 in
626 3638 670 3685 op·
713 3621 771 3669 inde
783 3636 849 3668 nunc
858 3620 926 3667 Elne.
940 3617 1011 3667 Conf.
1024 3617 1055 3664 ed
1065 3634 1089 3666 c.
1104 3620 1182 3676 26‚n.
1197 3621 1222 3668 6.

161 3701 226 3750 timis
232 3703 304 3760 MSS,
311 3703 355 3752 sed
364 3702 467 3753 moxad
472 3701 595 3748 Illiberim.
605 3703 669 3750 Nam
751 3702 773 3747 3.
783 3699 827 3745 Ad
833 3715 903 3746 arma
910 3697 1058 3746 consternati
1063 3715 1073 3754 ,·
1083 3698 1138 3745 vide
1150 3698 1181 3745 ad
1190 3701 1224 3756 11,

163 3780 276 3838 Illiberris,
296 3794 324 3830 ut
337 3783 409 3846 plura
426 3781 550 3847 Hispaniae
563 3780 669 3845 oppida,
715 3787 761 3839 47,
775 3795 799 3825 n.
814 3779 838 3825 3.
852 3805 887 3815 -
900 3777 1003 3824 Ruscino
1016 3793 1075 3842 opp.
1088 3795 1139 3826 nou
1150 3779 1224 3842 longe

163 3875 187 3906 v.
196 3876 217 3908 c.
226 3863 242 3907 1
242 3861 357 3926 Uisurgis,
370 3879 413 3911 seu
422 3861 543 3925 sshurgis,
556 3859 651 3924 Oringis
659 3895 667 3917 ,
715 3857 882 3922 aPerpiniano
890 3856 1048 3922 (Perpignan)
1057 3859 1142 3918 ritum,
1151 3876 1164 3906 a
1174 3874 1224 3922 quo

163 3939 287 4005 Amtorgis
293 3975 302 3998 ,
314 3941 449 4007 Meningis,
460 3953 485 3991 et
494 3957 547 4005 quae
559 3939 634 3987 modo
644 3939 672 3985 in
717 3939 810 3987 dictum
819 3937 841 3984 le
847 3949 1032 4002 gouvernemene
1040 3937 1071 3984 de
1082 3938 1225 3986 massilien.

163 4029 220 4068 ιοιι
235 4035 263 4078 ι,
279 4019 312 4069 ad
326 4036 379 4084 cap.
396 4021 446 4078 23,
461 4020 592 4071 memoravi
607 4034 612 4066 :
630 4017 673 4067 sed
717 4019 808 4068 Confer
815 4016 850 4091 'ad
863 4032 916 4080 cap,
927 4017 973 4076 26,
984 4032 1009 4063 n.
1024 4015 1047 4063 6.
1114 4068 1116 4072 Α
