2782 4568
167 302 212 388 34
589 309 627 375 r.
664 309 803 376 mvn
1076 293 1139 393 ll.
1152 298 1200 403 2331

163 426 337 497 acerrimo
362 440 562 514 assuetum,
587 441 771 497 recentem
796 425 841 496 ab
865 428 1004 498 excidio
1027 432 1223 527 opulentis-

161 538 258 607 simae
273 534 372 606 urbis
382 547 407 624 ⁷,
422 534 569 606 Iberum
584 537 752 607 transire:
768 537 910 609 trabere
923 563 1043 609 secum
1062 557 1116 613 tot
1133 548 1226 616 exci-

162 661 219 717 tos
237 648 480 742 Hispanorum
498 648 672 744 populos:
696 649 924 720 conciturum
942 650 1061 721 avidas
1083 678 1225 751 semper

159 782 343 831 armorum
361 757 503 853 gallicas
519 772 665 854 gentes:
683 782 767 828 cum
785 757 874 829 orbe
892 772 1069 830 terrarum
1086 761 1225 835 bellum

159 869 359 971 gerendum
376 869 413 936 in
433 867 552 956 Italia,
572 892 612 938 ac
627 893 694 965 pro
715 868 898 941 moenibus
917 873 1076 942 romanis
1095 899 1182 946 esse.

207 984 318 1051 XVII.
345 979 545 1052 Nominatae
568 978 643 1073 jam
669 993 774 1050 antea
797 979 1006 1051 consulibus
1028 983 1224 1078 provincia:

157 1078 303 1177 oranti:
323 1104 402 1161 tum
415 1089 535 1160 sortiri
547 1086 647 1183 jussi.
665 1090 834 1161 Cornelio
849 1091 1036 1187 Hispania,
1053 1097 1223 1190 Sempro-

155 1204 218 1274 nio
233 1199 350 1272 Africa
368 1223 452 1270 cum
472 1199 589 1269 Sicilia
607 1201 738 1271 evenit.
760 1205 830 1271 Sex
845 1201 884 1270 in
903 1225 986 1272 eum
1005 1226 1144 1273 annum
1163 1202 1224 1275 de-

158 1328 262 1387 cretae
275 1312 453 1408 legiones,
470 1323 507 1379 et
523 1310 660 1404 socium
677 1325 857 1406 quantum·
870 1313 956 1409 ipsis
970 1312 1168 1398 videretur,
1187 1331 1224 1386 et

156 1424 276 1496 elassis
285 1434 422 1518 quanta
432 1419 549 1516 parari
560 1433 693 1514 posset.
703 1423 868 1510 Quatuor
879 1435 915 1492 et
923 1423 1049 1518 viginti
1058 1423 1222 1520 peditum

158 1537 406 1603 Romanorum
428 1529 539 1599 millia
561 1543 646 1598 sunt
668 1531 817 1627 scripta,
842 1547 878 1601 et
902 1531 1000 1603 mille
1024 1535 1223 1630 octingenti

157 1644 319 1740 equites²
335 1669 342 1710 :
360 1641 542 1711 sociorum
558 1637 795 1735 quadraginta
808 1641 919 1711 millia
933 1642 1115 1738 peditum,
1135 1668 1220 1741 qua-

144 1768 241 1830 tuor
264 1750 375 1823 millia
399 1763 435 1821 et
460 1748 716 1846 quadringenti
742 1751 904 1846 equites:
930 1776 1038 1822 naves
1060 1753 1222 1824 ducentae

155 1863 282 1958 viginti
298 1861 595 1957 quinqueremeS,
610 1858 749 1929 celoces
762 1861 889 1956 viginti
901 1859 1073 1931 deductae.
1091 1867 1222 1934 Latum

157 1971 243 2043 inde
261 1970 307 2043 ad
325 1967 526 2067 populum,
549 1967 704 2055 vellent,
714 1969 902 2063 juberent,
915 1969 1060 2066 populo
1078 1973 1221 2044 cartha-

153 2087 312 2182 giniensi
323 2079 455 2152 bellum
468 2077 594 2164 indici:
612 2078 765 2174 ejusque
781 2076 868 2148 belli
884 2101 990 2148 causa
1006 2079 1221 2176 supplicatio

156 2220 223 2293 per
237 2192 372 2266 Urbem
391 2189 513 2265 habita
526 2186 555 2279 ³,
574 2203 682 2285 atque
700 2187 839 2261 adorati
855 2187 921 2276 dii,
941 2203 982 2259 ut
1000 2188 1095 2264 bene
1113 2217 1153 2263 ac
1171 2191 1221 2264 fe-

152 2306 268 2376 liciter
292 2303 469 2386 eveniret,
494 2298 594 2396 quod
613 2298 751 2370 bellum
773 2300 931 2397 populus
952 2326 1123 2372 romanus
1143 2303 1219 2397 jus·

155 2417 267 2486 sisset.
293 2420 392 2484 Inter
417 2410 583 2482 consules
612 2411 661 2479 ita
690 2411 802 2506 copiae
830 2409 977 2482 divisae:
1003 2415 1219 2509 Sempronio

155 2637 278 2689 infinitivo
290 2634 384 2697 aliqum
398 2631 454 2678 vide
465 2630 570 2688 Duker.‚
586 2632 664 2678 Gron.
710 2641 753 2678 tes.
768 2631 841 2680 Conf.
853 2630 962 2690 adVIII,
973 2634 1035 2690 8,n.
1048 2649 1087 2680 10.
1097 2660 1131 2669 ..-
1144 2635 1220 2696 Quin.

155 2728 180 2764 et
192 2714 267 2765 Drsk.
282 2712 313 2761 ad
326 2711 429 2768 XXIV,
442 2711 489 2766 483
501 2709 605 2766 xm,
620 2707 665 2769 353
710 2709 927 2771 qtoeremes.Naves
935 2710 1042 2774 quinque
1051 2728 1172 2761 remorum
1182 2731 1220 2762 or·

156 2795 272 2850 XLVIII,
282 2792 324 2848 31,
332 2789 374 2847 35,
384 2799 407 2836 et
414 2790 473 2834 Eru.
480 2787 542 2834 clav.
550 2787 602 2835 Cic.
612 2786 667 2833 Vin·
710 2786 809 2835 dinibus
820 2789 952 2838 instructae.
964 2792 1019 2852 Qua
1031 2802 1112 2839 autem
1124 2793 1219 2842 ratione

155 2888 208 2923 aere
218 2868 389 2936 promissorem
398 2867 548 2928 coni-Gron.
557 2876 581 2913 et
591 2864 665 2912 armis
709 2864 823 2931 dispositi
834 2867 924 2915 fuerint
934 2867 962 2914 bi
973 2885 1094 2917 remorum
1105 2871 1218 2929 ordines,

156 2962 292 3004 assuetum,
304 2948 380 2993 D001‘·
708 2943 828 2993 incertum
841 2956 886 2993 est.
904 2949 950 2993 Per
966 2948 1087 3009 gradusne
1102 2962 1126 2997 et
1143 2951 1218 3001 inter-

191 3048 215 3090 7.
228 3031 354 3075 decentem
364 3025 396 3070 ab
407 3021 504 3070 excidio
515 3021 665 3085 optdentissi·
709 3023 772 3073 valla
787 3039 860 3087 supra
879 3039 904 3069 se
924 3024 1028 3072 invicem
1047 3029 1217 3090 assurgebant,

156 3127 202 3160 Μ
216 3105 293 3161 urbis,
313 3103 395 3152 statim
412 3112 469 3165 post
485 3100 606 3148 excidium
624 3103 666 3148 Ss-
709 3101 777 3165 quod
787 3099 917 3153 multifieri
928 3116 1148 3167 possenegant,an
1158 3125 1218 3157 vero

156 3188 238 3255 guoti,
258 3195 286 3233 ut
304 3181 371 3247 apud
390 3180 442 3228 Cic.
456 3179 486 3226 ad
499 3181 550 3227 An.
563 3180 637 3236 ΠΙ,
650 3196 663 3239 7
709 3179 736 3226 in
746 3180 924 3244 longitudinem
936 3191 1029 3228 tannnn
1040 3184 1174 3232 seeundum
1186 3188 1219 3236 h-

156 3286 194 3334 pr.
205 3278 229 3316 et
239 3264 270 3312 al.
710 3270 749 3306 tus
761 3259 829 3306 navis
842 3259 1017 3306 excurrebant?
1024 3259 1077 3308 baec
1087 3263 1158 3312 nobis
1167 3283 1218 3314 me·

191 3347 252 3396 cn.
265 3342 350 3388 XVII·
367 3354 388 3384 1·
403 3335 543 3384 Nominatoe
550 3335 607 3400 jam
620 3352 664 3382 an·
708 3337 756 3384 lior
774 3337 870 3385 videtur
886 3338 1032 3400 conjectura.
1050 3341 1087 3388 De
1104 3341 1143 3389 his
1160 3345 1218 3392 vide

155 3415 476 3482 waconsulibusprovincioe
489 3426 572 3471 erant,
586 3414 665 3478 regio·
709 3427 833 3464 auctorem
854 3416 976 3480 Antiquit.
995 3418 1161 3470 Schematibus
1187 3424 1216 3471 lI-

155 3504 249 3562 110⁵‚in
263 3497 352 3562 quibus
364 3496 454 3542 bellum
464 3483 664 3556 gerendum,jam
708 3495 777 3541 lustr.
791 3497 927 3554 tom.YIIl,
941 3497 985 3545 lib.
996 3499 1033 3557 ll,
1044 3516 1098 3564 cap.
1110 3502 1216 3566 Sseqq„

158 3582 264 3632 definite
280 3595 294 3626 a
311 3586 409 3633 senatu,
428 3572 470 3619 sed
490 3570 600 3618 nondum
615 3586 665 3617 sor·
709 3584 733 3620 et
744 3574 832 3622 Caesar.
841 3587 906 3623 nost.
920 3575 978 3624 edit.
993 3578 1042 3624 vol.
1055 3581 1099 3638 tv,
1108 3596 1163 3644 pag.
1174 3581 1216 3628 53.

157 3661 214 3710 titio
226 3671 331 3705 eatuma
346 3650 487 3700 consulibus
506 3650 576 3697 lacta.
591 3649 663 3697 Conl.
708 3653 754 3697 En.
769 3678 804 3686 -
818 3652 911 3700 Celoces
924 3651 1008 3718 (naves
1021 3657 1107 3704 celeres
1121 3674 1148 3704 ae
1160 3658 1215 3709 bre-

156 3738 248 3793 XLWs
262 3751 299 3792 ¹7·
648 3766 650 3773 ,
709 3729 800 3789 times:
814 3731 870 3781 vide
885 3731 1014 3782 Ruhnken.
1030 3735 1062 3781 acl
1074 3735 1161 3783 Vellei,
1177 3738 1215 3798 11,

192 3833 216 3863 α.
230 3815 340 3874 Quatuor
351 3821 375 3856 et
384 3807 474 3872 viginti
477 3806 587 3870 peditum
595 3808 663 3852 Rom.
710 3807 757 3872 73)
773 3807 861 3872 viginti
878 3809 1007 3867 deduce&
1024 3813 1080 3860 vide
1095 3812 1127 3858 ad
1138 3815 1214 3875 vm,

156 3898 192 3945 M.
203 3903 259 3941 sunt
268 3889 357 3951 scripta
368 3899 391 3934 et
407 3888 471 3935 1800
483 3885 591 3950 equites:
605 3901 662 3948 ergo
708 3888 754 3944 26,
766 3903 790 3937 n.
806 3902 828 3934 1.

156 3973 250 4040 quavis
260 3985 303 4016 sex
313 3967 448 4029 legionum,
459 3977 487 4012 ut
495 3981 556 4011 mox
565 3962 662 4022 dieitur,
717 4018 719 4024 Ι
743 3966 765 4012 3.
775 3965 923 4029 Supplicatio
929 3986 976 4031 per
986 3970 1071 4015 Urbem
1080 3969 1212 4029 habitan.

156 4050 298 4103 consuebat
308 4053 373 4102 4000
382 4045 490 4107 pedites,
500 4055 523 4091 et
536 4045 585 4090 300
596 4042 663 4106 equi·
707 4043 737 4089 nd
752 4045 807 4105 111,
817 4045 864 4104 63,
877 4062 902 4094 n.
916 4063 939 4094 2.
