2782 4568
196 308 265 382 362
623 313 662 379 r.
687 313 824 381 Livu
1108 296 1241 411 ῧῐὲἔέξῑ

194 431 296 502 ciunt
318 429 466 525 quidam
487 431 632 502 annales
650 459 657 500 :
675 457 789 528 quum
807 431 1045 529 refugientem
1064 434 1110 506 ad
1127 436 1266 508 urbem
1281 519 1283 523 ¹

194 546 366 611 Tauream
383 541 554 611 Claudius
574 557 799 638 sequeretur,
818 545 957 639 patenti
967 543 1128 615 hostium
1145 561 1264 642 porta

194 651 390 738 invectum,
400 676 465 747 per
480 653 639 741 alteram,
651 652 881 751 stupentibus
893 656 1067 758 miraculo
1076 656 1262 745 hostibus,

197 775 370 831 intactum
389 786 549 832 evasisse.

244 876 400 942 XLVIII.
422 874 552 960 Quieta
576 872 660 942 inde
679 874 804 943 stativa
825 871 946 961 fuere,
968 898 1008 944 ac
1028 888 1127 946 retro
1151 878 1263 948 etiam

105 1058 108 1063 ,
197 982 324 1054 consul
338 985 450 1052 movit
469 998 600 1068 castra,
614 997 655 1052 ut
670 997 867 1054 sementem
887 985 1060 1080 Campani
1075 982 1261 1056 facerent:

197 1119 266 1164 uec
284 1108 366 1164 ante
388 1095 532 1164 violavit
554 1119 679 1191 agrum
699 1116 934 1200 campanum,
955 1119 1063 1190 quam
1082 1096 1157 1188 jam
1181 1095 1262 1166 altae

196 1205 236 1273 in
246 1201 426 1298 segetibus
437 1201 558 1273 herbae
569 1204 745 1301 pabulum
757 1203 917 1300 praebere
928 1217 1112 1300 poteraut:
1127 1205 1166 1275 id
1179 1231 1264 1277 con·

197 1315 294 1384 vexit
315 1314 353 1383 in
379 1314 573 1385 Claudiana
596 1327 730 1386 castra1
753 1340 863 1412 super
891 1314 1110 1401 Suessulam;
1135 1313 1264 1413 ibique

197 1424 348 1495 hiberna
365 1424 561 1496 aedificavit.
585 1432 632 1496 Μ.
655 1425 804 1495 Claudio
824 1423 1033 1521 proconsuli
1055 1425 1263 1521 imperavit,

197 1551 255 1621 ut,
273 1550 416 1607 retento
430 1537 529 1609 Nolae
550 1538 751 1608 necessario
770 1534 814 1606 ad
830 1534 1002 1606 tuendam
1021 1533 1265 1632 urbem'prae-

200 1644 307 1731 sidio,
323 1661 469 1717 caeteros
483 1647 613 1717 milites
632 1647 828 1716 dimitteret
839 1650 1010 1727 Romam,
1023 1669 1070 1714 ne
1085 1645 1189 1714 oneri
1208 1668 1265 1716 so·

201 1755 280 1839 ciis,
300 1771 336 1827 et
355 1760 514 1854 sumptui
534 1757 738 1855 reipublicae
758 1770 886 1827 essent.
906 1762 951 1826 Et
968 1757 1019 1824 Ti.
1037 1755 1223 1857 Gracchus
1244 1781 1267 1826 a

201 1866 323 1934 Cumis
336 1867 520 1936 Luceriam
537 1868 575 1936 in
592 1868 753 1963 Apuliam
772 1866 932 1962 legiones
952 1889 1066 1962 quum
1086 1864 1266 1954 duxisset,

201 1981 249 2046 Μ.
269 1977 451 2047 Valerium
473 1978 559 2048 inde
583 1992 773 2074 praetorem
798 1976 1065 2063 Brundusium,
1088 2000 1172 2046 cum
1199 2000 1267 2064 e0,

203 2113 312 2184 quem
341 2089 498 2160 Luceriae
521 2087 697 2160 habuerat
707 2099 734 2177 ²,
763 2088 922 2158 exercitu
952 2088 1065 2173 misit,
1097 2087 1267 2182 tuerique

204 2223 304 2270 oram
317 2203 393 2296 agri
405 2201 583 2271 sallentini
593 2255 601 2286 ,
611 2213 647 2270 et
664 2200 870 2297 providere,
886 2197 984 2294 quod
1000 2197 1044 2267 ad
1057 2195 1269 2294 Philippum

203 2308 413 2408 bellumque
432 2310 705 2381 macedonicum
719 2311 902 2393 attineret,
914 2308 1029 2402 jussit.
1043 2306 1150 2375 Exitu
1165 2319 1268 2374 aesta·

202 2425 248 2492 tis
268 2424 363 2517 ejus,
382 2449 455 2520 qua
476 2423 551 2495 baec
570 2438 670 2521 gesta
689 2421 978 2519 perscripsimus,
1000 2417 1110 2488 literae
1131 2441 1151 2485 a
1170 2421 1206 2486 P.
1231 2430 1270 2486 et

203 2522 268 2600 Cn.
288 2533 517 2628 Scipionibus
531 2546 727 2617 venerunt,
742 2545 894 2628 quantas
914 2552 1097 2624 quamque
1115 2550 1269 2623 prospe·

202 2641 317 2708 rasin
340 2642 509 2737 Hispania
528 2665 586 2710 res
605 2642 804 2738 gessissent.
829 2639 898 2710 Sed
929 2639 1120 2736 pecuniam
1143 2636 1184 2704 in
1204 2637 1269 2707 sti·

204 2748 393 2845 pendium,
409 2752 712 2848 vestimentaque,
729 2767 765 2821 et
783 2749 1006 2821 frumentum
1024 2747 1216 2834 exercitui,
1233 2759 1271 2816 et

121 2911 124 2919 -
205 2860 308 2930 sociis
329 2860 513 2930 navalibus
541 2863 662 2931 omnia
681 2861 815 2932 deesse.
841 2860 952 2952 Quod
978 2858 1023 2929 ad
1048 2855 1271 2955 stipendium

205 2971 370 3069 attineat,
388 2973 416 3040 si
435 2973 599 3042 aerarium
613 2974 720 3070 inops
735 2984 846 3058 esset,
864 2995 901 3040 se
918 2970 1073 3066 aliquam
1089 2967 1272 3037 rationem

205 3083 456 3179 inituros,quo
469 3084 580 3171 modo
593 3083 639 3154 ab
652 3085 818 3180 Hispanis
831 3095 985 3151 sumant.
997 3083 1131 3148 Caetera
1140 3077 1272 3171 utique

205 3281 277 3329 bilior
298 3292 363 3328 certe
383 3292 433 3340 est,
450 3297 521 3344 quam
541 3282 581 3328 illa
597 3282 686 3339 Vallae,
701 3298 715 3327 a
758 3281 812 3328 haee
823 3295 828 3327 :
840 3290 939 3344 quartae
950 3276 1074 3333 ueritatis,
1086 3272 1220 3323 communis
1224 3289 1273 3338 per

204 3361 304 3424 reliquis
313 3359 448 3408 editoribus
458 3371 555 3425 recepta
562 3375 568 3408 ε
576 3377 650 3425 quam
656 3361 715 3408 satis
759 3375 797 3406 me
809 3359 879 3405 exist.
890 3369 931 3404 est.

205 3453 303 3487 certam.
325 3442 416 3487 Omnes
434 3441 496 3487 MSS
514 3440 624 3487 habent:
641 3455 715 3503 quam
783 3441 856 3487 ·Car.
866 3438 984 3483 XLVIII.
997 3450 1018 3480 1.
1033 3437 1064 3480 In
1078 3431 1219 3480 Claudiana
1231 3447 1275 3478 ca·

205 3517 328 3566 elatis'vel
344 3517 433 3564 vetatis
451 3518 513 3582 (boc
526 3518 626 3581 optimi,
637 3519 713 3576 Flor.,
759 3529 811 3564 stra
827 3522 898 3579 super
911 3513 1064 3569 Suessulam
1079 3511 1136 3557 vide
1153 3525 1228 3573 supra
1242 3508 1275 3556 ad
1305 3533 1311 3541 a

205 3600 260 3646 Put.
268 3610 292 3645 et
301 3598 365 3663 Pet.)
376 3597 509 3644 communis
519 3609 583 3644 certe
592 3596 662 3643 exist.
674 3607 716 3643 est.
762 3611 815 3658 cap.
827 3595 873 3651 31,
885 3610 910 3641 n.
918 3594 942 3638 3.

206 3678 261 3722 Hoc
275 3688 339 3723 certe
355 3693 369 3722 a
388 3675 493 3722 librariis
512 3685 661 3740 praepostere
678 3675 718 3721 bis
798 3690 822 3720 a.
834 3673 908 3733 Quem
920 3669 1027 3716 Luceriae
1038 3669 1175 3724 habueram
1189 3667 1277 3715 confer

205 3756 313 3818 positum
323 3755 424 3819 putabat
433 3758 559 3817 Gronov.;
572 3766 596 3802 at
607 3755 717 3801 Perizou.
763 3768 816 3816 cap.
828 3752 859 3797 33
874 3763 898 3798 et
912 3751 954 3807 37.
968 3775 1003 3785 -
1017 3746 1163 3801 Providere,·
1174 3744 1233 3792 vide
1243 3744 1276 3793 ad

207 3835 234 3880 in
246 3835 328 3882 Anim.
339 3835 399 3882 hist.
416 3851 469 3898 cap.
483 3852 506 3895 7,
524 3850 579 3899 pag.
590 3835 654 3892 280,
667 3825 718 3881 non
762 3832 812 3890 vl,
826 3832 857 3889 6,
868 3847 893 3876 n.
907 3837 930 3884 4.
948 3855 981 3864 -
999 3827 1087 3874 Literce
1096 3823 1278 3887 aSct'piom'bus

207 3913 268 3959 male
277 3914 343 3973 conj.
351 3930 426 3977 quam
435 3929 533 3970 veram,
546 3929 580 3960 sc.
589 3912 717 3973 adjiciant,
761 3919 891 3965 venerunt,
905 3917 1011 3972 quantas
1019 3922 1057 3952 res
1064 3902 1192 3969 gessissent
1196 3919 1207 3959 ;
1220 3902 1279 3951 vide

207 3990 391 4055 communisper
401 4009 438 4038 me
447 3992 518 4039 exist.
529 4003 572 4039 est.
582 3991 623 4039 Ad
631 3990 717 4037 lectio·
761 3987 793 4035 ad
801 3990 875 4046 VIII,
889 4001 935 4048 19,
947 4002 972 4032 n.
986 4000 1026 4032 ro.
1040 4011 1075 4020 -
1087 3981 1163 4030 Sociis
1180 3982 1279 4032 navali·

204 4086 260 4121 nem
273 4085 330 4117 vero
342 4072 417 4130 MSS,
427 4071 532 4135 propius
542 4070 606 4119 forte
619 4068 718 4116 accedet
762 4067 818 4124 bus3
831 4066 886 4115 vide
897 4065 928 4112 ad
940 4066 991 4125 IX,
1004 4064 1052 4123 38,
1065 4079 1090 4112 n.
1103 4076 1127 4112 1.
