2782 4568
186 313 309 414 attat:
341 338 434 403 Lm.
458 336 606 404 xxiii.
630 335 735 402 cle.
759 336 884 403 xvu.
909 339 1051 405 xviii.
1153 339 1218 410 301

159 453 313 543 bebant,
331 482 416 527 cum
431 459 553 554 paucis
568 457 736 527 Romanis
754 456 927 554 latinique
944 460 1117 542 nominis,
1131 486 1224 557 quos

160 566 290 636 eodem
315 567 436 638 audita
463 567 653 638 cannensis
682 565 799 636 clades
825 567 1049 637 contulerat:
1067 568 1128 658 hi,
1150 596 1227 641 non

160 675 327 748 confecto
338 684 515 748 Praeneste
530 677 573 746 ad
587 675 683 747 diem
698 676 861 763 delectu,
874 677 987 746 serius
1001 676 1154 772 profecti
1168 679 1228 749 do-

75 848 80 855 .
160 811 241 870 mo,
257 812 373 883 quum
389 789 585 860 Casilinum
603 801 688 857 ante
705 786 862 857 adversae
879 811 1009 883 pugna.
1027 784 1158 856 lamam
1170 814 1230 859 ve-

161 881 318 984 nissent,
338 912 374 969 et
392 900 470 969 aliis
492 911 726 995 aggregarent
746 921 822 968 sese
841 898 1012 967 Romanis
1030 900 1229 995 sociisque,

161 1009 314 1107 profecti
336 1036 357 1080 a
378 1011 536 1081 Casilino
564 1034 646 1080 cum
675 1010 759 1078 satis
784 1033 918 1105 magno
941 1011 1083 1105 agmine
1108 1010 1229 1098 irent3

162 1123 288 1190 avertit
304 1145 366 1190 cos
384 1136 484 1195 retro
498 1121 696 1190 Casilinum
713 1120 863 1189 nuntius
881 1121 1069 1189 cannensis
1088 1145 1228 1229 pugna.

160 1229 217 1300 lbi
238 1248 359 1327 quum
372 1229 449 1300 dies
469 1229 625 1326 aliquot,
644 1230 800 1325 suspecti
819 1229 1029 1324 Campanis,
1043 1229 1233 1301 timentes-

99 1392 102 1402 .
164 1366 257 1436 que,
276 1342 444 1411 cavendis
472 1365 513 1410 ac
537 1339 717 1410 struendis
732 1341 886 1421 invicem
904 1337 1041 1410 insidiis
1054 1342 1231 1413 traduxis-

164 1464 262 1532 sent,
274 1451 422 1546 jamque
435 1450 480 1519 de
494 1455 626 1547 Capuae
641 1448 844 1521 defectione
857 1451 930 1546 agi,
945 1452 1130 1548 accipique
1144 1457 1233 1522 Han·

163 1559 320 1630 nibalem
344 1561 430 1630 satis
448 1584 515 1656 pro
530 1563 637 1631 ¹certo
660 1555 866 1631 haberentl
877 1586 886 1646 ;
905 1556 1103 1629 interfectis
1124 1573 1231 1630 nocte
1335 1545 1348 1557 ⁸

163 1670 374 1794 oppidanis,
393 1686 533 1767 partem
553 1670 675 1759 urbis,
695 1696 775 1767 quae
793 1672 844 1741 cis
856 1670 1079 1740 Vulturnum
1097 1684 1150 1739 est
1164 1669 1230 1764 (eo

105 1794 107 1799 '
164 1782 260 1851 enim
278 1781 450 1851 dividitur
468 1783 606 1877 amni),
626 1804 876 1878 occupavere:
869 1779 1007 1877 .idque
1025 1780 1232 1878 praesidium

164 1891 311 1961 Casilini
323 1890 508 1963 habebant
517 1892 682 1962 Romani.
695 1889 849 1961 Additur
862 1906 899 1960 et
908 1893 1078 1961 Perusina
1092 1891 1232 1980 coboea,

163 2001 332 2072 homines
348 2000 604 2098 quadringenti
617 2001 819 2097 sexaginta,
838 2000 966 2072 eodem
985 2004 1137 2089 nuntio,
1157 2026 1232 2098 quo

165 2112 373 2182 Praenestini
391 2134 527 2207 paucos
544 2122 627 2178 ante
644 2111 742 2196 dies,
759 2110 958 2181 Casilinum
978 2112 1178 2208 compulsi:
1197 2125 1234 2180 et

166 2223 249 2291 satis
259 2218 372 2290 ferme
389 2208 610 2290 armatorum
622 2217 667 2287 ad
678 2233 751 2288 tam
768 2220 894 2316 exigua
905 2221 1055 2307 moenia,
1065 2236 1101 2290 et
1115 2219 1233 2289 flumi-

166 2357 212 2402 ne
227 2331 335 2401 altera
351 2344 452 2427 parte
468 2330 602 2434 cincta,
617 2328 754 2398 tuenda
766 2341 843 2396 erat
857 2356 866 2396 ε
878 2330 1032 2424 penuria
1044 2327 1233 2417 frumenti,
1310 2403 1313 2424 ÷

166 2443 320 2512 nimium
339 2442 446 2510 etiam
465 2455 506 2510 ut
523 2438 709 2510 rideretur
726 2438 935 2524 bominum,
950 2437 1140 2508 efficiebat.

214 2555 344 2620 XVIII.
357 2547 538 2619 Hannibal
550 2573 663 2645 quum
678 2547 752 2642 jar-n
768 2548 852 2618 inde
869 2548 967 2618 hand
981 2549 1108 2645 procul
1123 2552 1234 2640 esset,

168 2658 329 2727 Gaetulos
346 2682 429 2726 oum
444 2655 613 2753 praefecto
625 2712 634 2744 ,
646 2659 795 2728 nomine
812 2659 922 2730 Isalca
935 2670 961 2747 ¹,
977 2660 1180 2756 praemittit:
1194 2685 1235 2732 ac

168 2769 305 2865 primo,
323 2768 352 2836 si
368 2765 429 2836 fiat
448 2767 621 2862 colloquii
638 2769 759 2863 copia,
779 2767 904 2839 verbis
912 2767 1078 2865 benignis
1094 2771 1138 2840 ad
1154 2795 1237 2868 por-

166 2894 220 2948 tas
240 2876 471 3002 aperiendas,
492 2877 771 2974 praesidiumque
790 2878 1039 2975 accipiendum
1060 2880 1235 2977 perlicere

167 2988 291 3084 jubet3
305 3013 333 3058 s1
344 3014 383 3058 1n
398 3002 595 3084 pertinacia
607 3001 786 3084 perstent
798 3010 874 3057 rem
888 3011 1013 3083 gerere
1025 3012 1066 3057 ac
1077 3003 1234 3077 tentare

170 3103 199 3171 si
216 3126 289 3198 qua
304 3115 404 3197 parte
418 3100 584 3170 invadere
603 3097 733 3169 urbem
744 3100 870 3198 possin.
888 3099 959 3170 Ubi
972 3099 1017 3168 ad
1035 3079 1177 3170 moenia
1184 3125 1236 3171 ac·

169 3235 326 3297 cessere,
344 3212 429 3307 quia
448 3210 630 3280 silentium
650 3224 746 3299 erat,
766 3208 927 3280 solitudo
945 3210 1036 3278 visa·
1028 3223 1236 3307 ,metuque

173 3393 203 3443 a,
213 3401 244 3433 ιο
251 3402 326 3453 ,pag
338 3395 400 3448 249,
409 3399 435 3435 et
450 3387 511 3436 CCC
524 3386 591 3450 apud
600 3386 682 3434 Valet.
728 3386 834 3435 habuere
852 3387 933 3452 recepi
952 3403 984 3434 ex
1001 3386 1096 3434 emend.
1115 3388 1199 3452 Sigon
1214 3403 1238 3439 et

172 3464 239 3509 Max
240 3465 302 3520 VII,
313 3467 341 3522 6,
355 3467 486 3513 3.-Νοη
499 3465 683 3537 confectoProe-
728 3468 775 3513 Str.
788 3466 836 3514 Sed
847 3467 911 3514 forte
922 3481 977 3514 cum
989 3465 1103 3516 Creveno
1112 3467 1159 3532 leg
1171 3481 1199 3516 ut
1207 3469 1237 3517 de

173 3553 238 3587 neae
255 3541 290 3586 ad
301 3542 379 3599 diem,
396 3545 436 3591 dle
449 3546 594 3603 constituta,
606 3545 659 3592 scil.
671 3562 684 3592 a
730 3545 820 3608 Capua
826 3579 885 3592 .....
891 3543 1004 3592 habuere.
1022 3548 1052 3591 In
1072 3546 1154 3593 multis
1173 3560 1239 3597 certe

173 3631 258 3668 senatu
273 3621 462 3685 consulibusque
475 3640 582 3682 roman,
591 3624 685 3671 delectu
728 3625 790 3671 Mss
810 3623 846 3671 ita
869 3640 914 3688 pro
933 3625 1046 3689 j.amqne
1040 3625 1238 3691 .-Iuterfecn's
1290 3615 1293 3622 ¹

173 3701 297 3748 sociorum
310 3700 486 3750 auxilior-omre
500 3705 616 3750 Romanis
631 3704 686 3752 mit·
729 3714 800 3749 nocte
816 3702 958 3766 oppidanis,
970 3718 1013 3766 qur
1005 3702 1060 3750 ad*
1074 3705 1162 3752 Poenos
1177 3704 1237 3754 defl-

174 3779 313 3825 tendorum.
334 3779 397 3825 Mox
416 3791 535 3829 structura
554 3782 685 3830 verborum
730 3797 784 3829 cere
796 3781 925 3840 volebant,
936 3783 1043 3846 opinor:
1056 3798 1112 3830 nam
1123 3800 1174 3833 non
1185 3800 1237 3834 om·

174 3873 213 3903 me
226 3857 339 3904 offendit.
352 3860 425 3904 Forte
434 3858 481 3922 leg.
492 3871 530 3914 et,
540 3860 596 3908 aliis
605 3878 688 3927 aggre-
731 3877 774 3908 nes
784 3861 924 3908 interfectos
933 3862 1019 3920 fulmo,
1029 3877 1060 3908 ex
1073 3878 1095 3909 e.
1106 3878 1136 3924 19
1145 3864 1222 3928 liquet
1229 3883 1239 3925 ;γ

173 3935 287 3999 gentibus
306 3953 366 3993 sese,
382 3937 423 3984 vel
440 3940 576 4002 aggregatis
595 3939 629 3987 ibi
643 3943 689 3988 llo-
732 3940 852 3987 Dukerus.

176 4013 254 4059 manis
267 4014 399 4077 sociisque,
411 4015 529 4079 profecti,
540 4029 586 4065 etc.
768 4021 828 4069 Car.
842 4021 938 4066 xvm.
949 4034 970 4067 1.
984 4019 1090 4066 Nomine
1101 4023 1184 4070 Isalca
1190 4040 1202 4080 ‚·
1214 4041 1238 4071 v.

213 4091 307 4140 5.Satis
314 4109 361 4168 pro
372 4106 438 4142 certo
447 4093 616 4162 babereetpro
624 4098 689 4161 vulg.
735 4099 765 4146 ad
776 4098 866 4146 librum
877 4098 981 4156 XXIX,
996 4110 1051 4163 cap.
1065 4112 1112 4160 29,
1125 4117 1155 4148 n.
1167 4101 1191 4149 3.
1203 4124 1239 4140 -ι-
