<?xml version="1.0" encoding="UTF-8"?>
<!DOCTYPE html PUBLIC "-//W3C//DTD XHTML 1.0 Transitional//EN"
    "http://www.w3.org/TR/xhtml1/DTD/xhtml1-transitional.dtd">
<html xmlns="http://www.w3.org/1999/xhtml" xml:lang="en" lang="en">
 <head>
  <title>
</title>
<meta http-equiv="Content-Type" content="text/html;charset=utf-8" />
  <meta name='ocr-system' content='tesseract 3.04.00' />
  <meta name='ocr-capabilities' content='ocr_page ocr_carea ocr_par ocr_line ocrx_word'/>
</head>
<body>
  <div class='ocr_page' id='page_1' title='image "./titusliviuspata06freigoog_0419.png"; bbox 0 0 2782 4568; ppageno 0'>
   <div class='ocr_carea' id='block_1_1' title="bbox 75 299 1243 2193">
    <p class='ocr_par' dir='ltr' id='par_1_1' title="bbox 75 299 1243 1199">
     <span class='ocr_line' id='line_1_1' title="bbox 75 299 1217 421; baseline -0.004 -17"><span class='ocrx_word' id='word_1_1' title='bbox 75 370 80 381; x_wconf 79' lang='lat'>·</span> <span class='ocrx_word' id='word_1_2' title='bbox 164 321 237 406; x_wconf 76' lang='lat' dir='ltr'><strong>ot</strong></span> <span class='ocrx_word' id='word_1_3' title='bbox 578 321 615 386; x_wconf 80' lang='lat' dir='ltr'><strong>r.</strong></span> <span class='ocrx_word' id='word_1_4' title='bbox 649 321 787 388; x_wconf 81' lang='lat' dir='ltr'><strong>nvn</strong></span> <span class='ocrx_word' id='word_1_5' title='bbox 1034 412 1039 421; x_wconf 55' lang='grc'><strong>,</strong></span> <span class='ocrx_word' id='word_1_6' title='bbox 1091 299 1217 401; x_wconf 69' lang='lat' dir='ltr'><strong>tezer</strong></span> 
     </span>
     <span class='ocr_line' id='line_1_2' title="bbox 164 432 1243 535; baseline -0.001 -24"><span class='ocrx_word' id='word_1_7' title='bbox 164 437 380 524; x_wconf 90' lang='lat' dir='ltr'><strong>multitudo,</strong></span> <span class='ocrx_word' id='word_1_8' title='bbox 396 434 612 509; x_wconf 90' lang='lat' dir='ltr'><strong>stationibus</strong></span> <span class='ocrx_word' id='word_1_9' title='bbox 627 462 693 534; x_wconf 88' lang='lat' dir='ltr'><strong>per</strong></span> <span class='ocrx_word' id='word_1_10' title='bbox 707 439 888 534; x_wconf 85' lang='lat' dir='ltr'>principes</span> <span class='ocrx_word' id='word_1_11' title='bbox 900 432 1117 535; x_wconf 81' lang='lat' dir='ltr'><strong>regionum⁶</strong></span> <span class='ocrx_word' id='word_1_12' title='bbox 1133 435 1243 511; x_wconf 89' lang='lat' dir='ltr'><strong>urbis</strong></span> 
     </span>
     <span class='ocr_line' id='line_1_3' title="bbox 164 547 1241 647; baseline -0.002 -26"><span class='ocrx_word' id='word_1_13' title='bbox 164 549 363 647; x_wconf 62' lang='lat' dir='ltr'><strong>disposita,</strong></span> <span class='ocrx_word' id='word_1_14' title='bbox 384 547 604 646; x_wconf 86' lang='lat' dir='ltr'><strong>adjungitur.</strong></span> <span class='ocrx_word' id='word_1_15' title='bbox 626 552 670 618; x_wconf 92' lang='lat' dir='ltr'><strong>In</strong></span> <span class='ocrx_word' id='word_1_16' title='bbox 686 549 810 619; x_wconf 88' lang='lat' dir='ltr'>Insula</span> <span class='ocrx_word' id='word_1_17' title='bbox 829 549 925 620; x_wconf 89' lang='lat' dir='ltr'><strong>inter</strong></span> <span class='ocrx_word' id='word_1_18' title='bbox 944 562 1073 620; x_wconf 87' lang='lat' dir='ltr'><strong>caetera</strong></span> <span class='ocrx_word' id='word_1_19' title='bbox 1092 547 1241 619; x_wconf 85' lang='lat' dir='ltr'><strong>Andra-</strong></span> 
     </span>
     <span class='ocr_line' id='line_1_4' title="bbox 163 656 1240 757; baseline 0 -25"><span class='ocrx_word' id='word_1_20' title='bbox 163 659 327 732; x_wconf 91' lang='lat' dir='ltr'><strong>nodorus</strong></span> <span class='ocrx_word' id='word_1_21' title='bbox 343 658 516 757; x_wconf 85' lang='lat' dir='ltr'><strong>praesidiis</strong></span> <span class='ocrx_word' id='word_1_22' title='bbox 531 656 651 729; x_wconf 88' lang='lat' dir='ltr'><strong>firmat</strong></span> <span class='ocrx_word' id='word_1_23' title='bbox 667 658 798 730; x_wconf 88' lang='lat' dir='ltr'><strong>horrea</strong></span> <span class='ocrx_word' id='word_1_24' title='bbox 812 657 968 757; x_wconf 88' lang='lat' dir='ltr'><strong>publica.</strong></span> <span class='ocrx_word' id='word_1_25' title='bbox 987 664 1127 747; x_wconf 86' lang='lat' dir='ltr'><strong>Locus,</strong></span> <span class='ocrx_word' id='word_1_26' title='bbox 1149 685 1240 733; x_wconf 84' lang='lat' dir='ltr'><strong>saxo</strong></span> 
     </span>
     <span class='ocr_line' id='line_1_5' title="bbox 164 770 1238 869; baseline 0.002 -28"><span class='ocrx_word' id='word_1_27' title='bbox 164 770 353 869; x_wconf 87' lang='lat' dir='ltr'><strong>quadrato</strong></span> <span class='ocrx_word' id='word_1_28' title='bbox 374 784 497 867; x_wconf 90' lang='lat' dir='ltr'><strong>septus</strong></span> <span class='ocrx_word' id='word_1_29' title='bbox 527 784 637 866; x_wconf 88' lang='lat' dir='ltr'><strong>atque</strong></span> <span class='ocrx_word' id='word_1_30' title='bbox 663 770 751 840; x_wconf 88' lang='lat' dir='ltr'><strong>arcis</strong></span> <span class='ocrx_word' id='word_1_31' title='bbox 777 771 815 840; x_wconf 92' lang='lat' dir='ltr'><strong>in</strong></span> <span class='ocrx_word' id='word_1_32' title='bbox 846 770 995 840; x_wconf 90' lang='lat' dir='ltr'><strong>modum</strong></span> <span class='ocrx_word' id='word_1_33' title='bbox 1025 772 1238 860; x_wconf 82' lang='lat' dir='ltr'><strong>emunitus,</strong></span> 
     </span>
     <span class='ocr_line' id='line_1_6' title="bbox 163 879 1239 979; baseline -0.001 -26"><span class='ocrx_word' id='word_1_34' title='bbox 163 884 305 979; x_wconf 87' lang='lat' dir='ltr'><strong>capitur</strong></span> <span class='ocrx_word' id='word_1_35' title='bbox 327 880 374 951; x_wconf 91' lang='lat' dir='ltr'><strong>ab</strong></span> <span class='ocrx_word' id='word_1_36' title='bbox 399 881 611 976; x_wconf 86' lang='lat' dir='ltr'><strong>juventute,</strong></span> <span class='ocrx_word' id='word_1_37' title='bbox 643 905 723 975; x_wconf 88' lang='lat' dir='ltr'><strong>quae</strong></span> <span class='ocrx_word' id='word_1_38' title='bbox 746 880 911 977; x_wconf 74' lang='lat' dir='ltr'><strong>praesidio</strong></span> <span class='ocrx_word' id='word_1_39' title='bbox 936 881 1012 976; x_wconf 89' lang='lat' dir='ltr'><strong>ejus</strong></span> <span class='ocrx_word' id='word_1_40' title='bbox 1033 879 1106 951; x_wconf 90' lang='lat' dir='ltr'><strong>loci</strong></span> <span class='ocrx_word' id='word_1_41' title='bbox 1131 884 1239 952; x_wconf 89' lang='lat' dir='ltr'><strong>attri-</strong></span> 
     </span>
     <span class='ocr_line' id='line_1_7' title="bbox 162 989 1237 1086; baseline 0.003 -25"><span class='ocrx_word' id='word_1_42' title='bbox 162 991 253 1062; x_wconf 81' lang='lat' dir='ltr'><strong>buta</strong></span> <span class='ocrx_word' id='word_1_43' title='bbox 275 1005 369 1078; x_wconf 92' lang='lat' dir='ltr'><strong>erat,</strong></span> <span class='ocrx_word' id='word_1_44' title='bbox 392 991 616 1086; x_wconf 84' lang='lat' dir='ltr'><strong>mittuntque</strong></span> <span class='ocrx_word' id='word_1_45' title='bbox 635 991 785 1060; x_wconf 91' lang='lat' dir='ltr'><strong>nuntios</strong></span> <span class='ocrx_word' id='word_1_46' title='bbox 803 992 842 1060; x_wconf 90' lang='lat' dir='ltr'><strong>in</strong></span> <span class='ocrx_word' id='word_1_47' title='bbox 860 989 1120 1080; x_wconf 85' lang='lat' dir='ltr'><strong>Achradinam,</strong></span> <span class='ocrx_word' id='word_1_48' title='bbox 1145 991 1237 1064; x_wconf 91' lang='lat' dir='ltr'><strong>hor-</strong></span> 
     </span>
     <span class='ocr_line' id='line_1_8' title="bbox 162 1102 1056 1199; baseline -0.002 -27"><span class='ocrx_word' id='word_1_49' title='bbox 162 1129 224 1175; x_wconf 93' lang='lat' dir='ltr'><strong>rea</strong></span> <span class='ocrx_word' id='word_1_50' title='bbox 242 1102 539 1199; x_wconf 84' lang='lat' dir='ltr'><strong>frumentumque</strong></span> <span class='ocrx_word' id='word_1_51' title='bbox 557 1104 596 1172; x_wconf 89' lang='lat' dir='ltr'><strong>in</strong></span> <span class='ocrx_word' id='word_1_52' title='bbox 614 1116 759 1173; x_wconf 88' lang='lat' dir='ltr'><strong>senatus</strong></span> <span class='ocrx_word' id='word_1_53' title='bbox 776 1116 952 1199; x_wconf 84' lang='lat' dir='ltr'><strong>potestate</strong></span> <span class='ocrx_word' id='word_1_54' title='bbox 968 1126 1056 1173; x_wconf 90' lang='lat' dir='ltr'><strong>esse.</strong></span> 
     </span>
    </p>

    <p class='ocr_par' dir='ltr' id='par_1_2' title="bbox 161 1213 1236 2193">
     <span class='ocr_line' id='line_1_9' title="bbox 211 1213 1236 1311; baseline 0.001 -27"><span class='ocrx_word' id='word_1_55' title='bbox 211 1218 321 1285; x_wconf 87' lang='lat' dir='ltr'><strong>XXII.</strong></span> <span class='ocrx_word' id='word_1_56' title='bbox 337 1219 434 1285; x_wconf 90' lang='lat' dir='ltr'><strong>Luce</strong></span> <span class='ocrx_word' id='word_1_57' title='bbox 452 1213 567 1311; x_wconf 88' lang='lat' dir='ltr'><strong>prima</strong></span> <span class='ocrx_word' id='word_1_58' title='bbox 582 1213 740 1311; x_wconf 92' lang='lat' dir='ltr'><strong>populus</strong></span> <span class='ocrx_word' id='word_1_59' title='bbox 753 1214 871 1283; x_wconf 91' lang='lat' dir='ltr'><strong>omnis</strong></span> <span class='ocrx_word' id='word_1_60' title='bbox 889 1226 1046 1289; x_wconf 88' lang='lat' dir='ltr'><strong>armatus</strong></span> <span class='ocrx_word' id='word_1_61' title='bbox 1060 1213 1236 1285; x_wconf 88' lang='lat' dir='ltr'><strong>inermis·</strong></span> 
     </span>
     <span class='ocr_line' id='line_1_10' title="bbox 162 1322 1234 1423; baseline 0 -27"><span class='ocrx_word' id='word_1_62' title='bbox 162 1350 242 1423; x_wconf 83' lang='lat' dir='ltr'><strong>que</strong></span> <span class='ocrx_word' id='word_1_63' title='bbox 267 1326 305 1394; x_wconf 91' lang='lat' dir='ltr'><strong>in</strong></span> <span class='ocrx_word' id='word_1_64' title='bbox 337 1325 577 1395; x_wconf 83' lang='lat' dir='ltr'><strong>Achradinam</strong></span> <span class='ocrx_word' id='word_1_65' title='bbox 610 1323 654 1394; x_wconf 90' lang='lat' dir='ltr'><strong>ad</strong></span> <span class='ocrx_word' id='word_1_66' title='bbox 688 1325 826 1394; x_wconf 91' lang='lat' dir='ltr'><strong>curiam</strong></span> <span class='ocrx_word' id='word_1_67' title='bbox 857 1325 1036 1395; x_wconf 87' lang='lat' dir='ltr'><strong>convenit.</strong></span> <span class='ocrx_word' id='word_1_68' title='bbox 1070 1322 1131 1394; x_wconf 90' lang='lat' dir='ltr'><strong>Ibi</strong></span> <span class='ocrx_word' id='word_1_69' title='bbox 1162 1349 1234 1422; x_wconf 91' lang='lat' dir='ltr'><strong>pro</strong></span> 
     </span>
     <span class='ocr_line' id='line_1_11' title="bbox 162 1435 1235 1532; baseline -0.001 -25"><span class='ocrx_word' id='word_1_70' title='bbox 162 1435 378 1507; x_wconf 89' lang='lat' dir='ltr'><strong>Concordiae</strong></span> <span class='ocrx_word' id='word_1_71' title='bbox 395 1447 492 1524; x_wconf 70' lang='lat' dir='ltr'><strong>ara‘,</strong></span> <span class='ocrx_word' id='word_1_72' title='bbox 511 1435 647 1532; x_wconf 83' lang='lat' dir='ltr'><strong>quaein</strong></span> <span class='ocrx_word' id='word_1_73' title='bbox 668 1459 712 1505; x_wconf 89' lang='lat' dir='ltr'><strong>eo</strong></span> <span class='ocrx_word' id='word_1_74' title='bbox 732 1435 799 1505; x_wconf 89' lang='lat' dir='ltr'><strong>sita</strong></span> <span class='ocrx_word' id='word_1_75' title='bbox 814 1435 895 1505; x_wconf 88' lang='lat' dir='ltr'><strong>loco</strong></span> <span class='ocrx_word' id='word_1_76' title='bbox 915 1449 1006 1523; x_wconf 90' lang='lat' dir='ltr'><strong>erat,</strong></span> <span class='ocrx_word' id='word_1_77' title='bbox 1025 1459 1071 1505; x_wconf 86' lang='lat' dir='ltr'><strong>ex</strong></span> <span class='ocrx_word' id='word_1_78' title='bbox 1090 1435 1235 1531; x_wconf 89' lang='lat' dir='ltr'><strong>princi-</strong></span> 
     </span>
     <span class='ocr_line' id='line_1_12' title="bbox 162 1543 1235 1642; baseline 0.003 -28"><span class='ocrx_word' id='word_1_79' title='bbox 162 1544 270 1642; x_wconf 89' lang='lat' dir='ltr'><strong>pibus</strong></span> <span class='ocrx_word' id='word_1_80' title='bbox 290 1570 386 1618; x_wconf 91' lang='lat' dir='ltr'><strong>unus</strong></span> <span class='ocrx_word' id='word_1_81' title='bbox 406 1547 555 1617; x_wconf 89' lang='lat' dir='ltr'><strong>nomine</strong></span> <span class='ocrx_word' id='word_1_82' title='bbox 574 1544 762 1640; x_wconf 77' lang='lat' dir='ltr'><strong>Polyaenus</strong></span> <span class='ocrx_word' id='word_1_83' title='bbox 785 1545 999 1615; x_wconf 85' lang='lat' dir='ltr'><strong>concionem</strong></span> <span class='ocrx_word' id='word_1_84' title='bbox 1022 1559 1058 1615; x_wconf 91' lang='lat' dir='ltr'><strong>et</strong></span> <span class='ocrx_word' id='word_1_85' title='bbox 1075 1543 1235 1617; x_wconf 87' lang='lat' dir='ltr'><strong>liberam</strong></span> 
     </span>
     <span class='ocr_line' id='line_1_13' title="bbox 162 1653 1235 1753; baseline 0 -26"><span class='ocrx_word' id='word_1_86' title='bbox 162 1671 199 1727; x_wconf 91' lang='lat' dir='ltr'><strong>et</strong></span> <span class='ocrx_word' id='word_1_87' title='bbox 229 1654 452 1727; x_wconf 88' lang='lat' dir='ltr'><strong>moderatam</strong></span> <span class='ocrx_word' id='word_1_88' title='bbox 486 1653 615 1724; x_wconf 90' lang='lat' dir='ltr'><strong>habuit</strong></span> <span class='ocrx_word' id='word_1_89' title='bbox 641 1681 649 1724; x_wconf 72' lang='grc' dir='ltr'><strong><em>ε</em></strong></span> <span class='ocrx_word' id='word_1_90' title='bbox 675 1654 905 1725; x_wconf 78' lang='lat' dir='ltr'><strong>Serritndim&#39;s</strong></span> <span class='ocrx_word' id='word_1_91' title='bbox 935 1654 1235 1753; x_wconf 66' lang='lat' dir='ltr'><strong>indignitatesque</strong></span> 
     </span>
     <span class='ocr_line' id='line_1_14' title="bbox 162 1763 1235 1862; baseline 0.001 -26"><span class='ocrx_word' id='word_1_92' title='bbox 162 1766 325 1836; x_wconf 78' lang='lat' dir='ltr'><strong>homines</strong></span> <span class='ocrx_word' id='word_1_93' title='bbox 354 1781 518 1862; x_wconf 77' lang='lat' dir='ltr'><strong>expertos</strong></span> <span class='ocrx_word' id='word_1_94' title='bbox 551 1765 719 1836; x_wconf 79' lang='lat' dir='ltr'><strong>adversas</strong></span> <span class='ocrx_word' id='word_1_95' title='bbox 748 1781 873 1835; x_wconf 84' lang='lat' dir='ltr'><strong>notam</strong></span> <span class='ocrx_word' id='word_1_96' title='bbox 902 1763 1038 1834; x_wconf 86' lang='lat' dir='ltr'><strong>malam</strong></span> <span class='ocrx_word' id='word_1_97' title='bbox 1071 1770 1235 1837; x_wconf 76' lang='lat' dir='ltr'><strong>irritatas</strong></span> 
     </span>
     <span class='ocr_line' id='line_1_15' title="bbox 163 1874 1236 1973; baseline 0.002 -29"><span class='ocrx_word' id='word_1_98' title='bbox 163 1899 248 1944; x_wconf 88' lang='lat' dir='ltr'><strong>esse.</strong></span> <span class='ocrx_word' id='word_1_99' title='bbox 272 1877 465 1946; x_wconf 80' lang='lat' dir='ltr'><strong>Discordia</strong></span> <span class='ocrx_word' id='word_1_100' title='bbox 487 1874 596 1945; x_wconf 77' lang='lat' dir='ltr'><strong>civilis</strong></span> <span class='ocrx_word' id='word_1_101' title='bbox 618 1901 711 1972; x_wconf 88' lang='lat' dir='ltr'><strong>qaas</strong></span> <span class='ocrx_word' id='word_1_102' title='bbox 733 1882 901 1973; x_wconf 80' lang='lat' dir='ltr'><strong>importet</strong></span> <span class='ocrx_word' id='word_1_103' title='bbox 921 1874 1059 1960; x_wconf 84' lang='lat' dir='ltr'><strong>clades,</strong></span> <span class='ocrx_word' id='word_1_104' title='bbox 1082 1876 1236 1961; x_wconf 83' lang='lat' dir='ltr'><strong>audisse</strong></span> 
     </span>
     <span class='ocr_line' id='line_1_16' title="bbox 162 1985 1231 2084; baseline 0.003 -31"><span class='ocrx_word' id='word_1_105' title='bbox 162 1990 278 2080; x_wconf 79' lang='lat' dir='ltr'><strong>magis</strong></span> <span class='ocrx_word' id='word_1_106' title='bbox 304 2011 328 2054; x_wconf 92' lang='lat' dir='ltr'><strong>a</strong></span> <span class='ocrx_word' id='word_1_107' title='bbox 344 1985 516 2082; x_wconf 83' lang='lat' dir='ltr'><strong>patribus</strong></span> <span class='ocrx_word' id='word_1_108' title='bbox 537 1989 800 2080; x_wconf 81' lang='lat' dir='ltr'><strong>Syracusanos,</strong></span> <span class='ocrx_word' id='word_1_109' title='bbox 828 2012 940 2084; x_wconf 87' lang='lat' dir='ltr'><strong>qaam</strong></span> <span class='ocrx_word' id='word_1_110' title='bbox 965 1992 1060 2083; x_wconf 77' lang='lat' dir='ltr'><strong>ipim</strong></span> <span class='ocrx_word' id='word_1_111' title='bbox 1079 1987 1231 2056; x_wconf 77' lang='lat' dir='ltr'><strong>vidisse.</strong></span> 
     </span>
     <span class='ocr_line' id='line_1_17' title="bbox 161 2094 1233 2193; baseline 0.002 -29"><span class='ocrx_word' id='word_1_112' title='bbox 161 2098 280 2164; x_wconf 84' lang='lat' dir='ltr'><strong>Arma</strong></span> <span class='ocrx_word' id='word_1_113' title='bbox 295 2095 398 2192; x_wconf 85' lang='lat' dir='ltr'><strong>qaod</strong></span> <span class='ocrx_word' id='word_1_114' title='bbox 411 2100 561 2192; x_wconf 79' lang='lat' dir='ltr'><strong>impigre</strong></span> <span class='ocrx_word' id='word_1_115' title='bbox 575 2102 746 2193; x_wconf 83' lang='lat' dir='ltr'><strong>ceperint,</strong></span> <span class='ocrx_word' id='word_1_116' title='bbox 766 2096 918 2166; x_wconf 81' lang='lat' dir='ltr'><strong>laudare</strong></span> <span class='ocrx_word' id='word_1_117' title='bbox 933 2122 944 2163; x_wconf 94' lang='lat'><strong>.·</strong></span> <span class='ocrx_word' id='word_1_118' title='bbox 962 2100 1077 2190; x_wconf 77' lang='lat' dir='ltr'><strong>magis</strong></span> <span class='ocrx_word' id='word_1_119' title='bbox 1096 2094 1233 2166; x_wconf 82' lang='lat' dir='ltr'><strong>lauda·</strong></span> 
     </span>
    </p>
   </div>
   <div class='ocr_carea' id='block_1_2' title="bbox 161 2205 1231 2294">
    <p class='ocr_par' dir='ltr' id='par_1_3' title="bbox 161 2205 1231 2294">
     <span class='ocr_line' id='line_1_18' title="bbox 161 2205 1231 2294; baseline -0.001 -18"><span class='ocrx_word' id='word_1_120' title='bbox 161 2222 297 2293; x_wconf 86' lang='lat' dir='ltr'><strong>taram,</strong></span> <span class='ocrx_word' id='word_1_121' title='bbox 320 2212 354 2276; x_wconf 87' lang='lat' dir='ltr'><strong>si</strong></span> <span class='ocrx_word' id='word_1_122' title='bbox 371 2232 444 2276; x_wconf 89' lang='lat' dir='ltr'><strong>non</strong></span> <span class='ocrx_word' id='word_1_123' title='bbox 464 2221 625 2294; x_wconf 84' lang='lat' dir='ltr'><strong>utantur,</strong></span> <span class='ocrx_word' id='word_1_124' title='bbox 649 2212 719 2277; x_wconf 77' lang='lat' dir='ltr'><strong>nisi</strong></span> <span class='ocrx_word' id='word_1_125' title='bbox 735 2205 861 2276; x_wconf 86' lang='lat' dir='ltr'><strong>ultima</strong></span> <span class='ocrx_word' id='word_1_126' title='bbox 879 2209 1084 2275; x_wconf 83' lang='lat' dir='ltr'><strong>necessitate</strong></span> <span class='ocrx_word' id='word_1_127' title='bbox 1102 2208 1231 2275; x_wconf 86' lang='lat' dir='ltr'><strong>coacti.</strong></span> 
     </span>
    </p>
   </div>
   <div class='ocr_carea' id='block_1_3' title="bbox 137 2313 1231 2527">
    <p class='ocr_par' dir='ltr' id='par_1_4' title="bbox 137 2313 1231 2527">
     <span class='ocr_line' id='line_1_19' title="bbox 160 2313 1231 2415; baseline -0.005 -26"><span class='ocrx_word' id='word_1_128' title='bbox 160 2324 205 2389; x_wconf 90' lang='lat' dir='ltr'><strong>In</strong></span> <span class='ocrx_word' id='word_1_129' title='bbox 213 2323 412 2415; x_wconf 70' lang='lat' dir='ltr'><strong>praesentia</strong></span> <span class='ocrx_word' id='word_1_130' title='bbox 427 2316 561 2414; x_wconf 79' lang='lat' dir='ltr'><strong>legatos</strong></span> <span class='ocrx_word' id='word_1_131' title='bbox 577 2318 630 2388; x_wconf 90' lang='lat' dir='ltr'><strong>ad</strong></span> <span class='ocrx_word' id='word_1_132' title='bbox 641 2316 952 2387; x_wconf 86' lang='lat' dir='ltr'><strong>Andranodoram</strong></span> <span class='ocrx_word' id='word_1_133' title='bbox 968 2318 1061 2384; x_wconf 84' lang='lat' dir='ltr'><strong>mitti</strong></span> <span class='ocrx_word' id='word_1_134' title='bbox 1062 2313 1231 2410; x_wconf 86' lang='lat' dir='ltr'><strong>placere,</strong></span> 
     </span>
     <span class='ocr_line' id='line_1_20' title="bbox 137 2424 1230 2527; baseline -0.001 -31"><span class='ocrx_word' id='word_1_135' title='bbox 137 2519 141 2527; x_wconf 30' lang='grc' dir='ltr'>Ι</span> <span class='ocrx_word' id='word_1_136' title='bbox 158 2433 226 2524; x_wconf 87' lang='lat' dir='ltr'><strong>qai</strong></span> <span class='ocrx_word' id='word_1_137' title='bbox 239 2427 464 2513; x_wconf 82' lang='lat' dir='ltr'><strong>denuntient,</strong></span> <span class='ocrx_word' id='word_1_138' title='bbox 485 2443 526 2496; x_wconf 87' lang='lat' dir='ltr'><strong>at</strong></span> <span class='ocrx_word' id='word_1_139' title='bbox 542 2433 579 2496; x_wconf 89' lang='lat' dir='ltr'><strong>in</strong></span> <span class='ocrx_word' id='word_1_140' title='bbox 585 2443 765 2524; x_wconf 86' lang='lat' dir='ltr'><strong>potestate</strong></span> <span class='ocrx_word' id='word_1_141' title='bbox 780 2442 925 2496; x_wconf 79' lang='lat' dir='ltr'><strong>renatas</strong></span> <span class='ocrx_word' id='word_1_142' title='bbox 941 2451 985 2495; x_wconf 91' lang='lat' dir='ltr'><strong>ac</strong></span> <span class='ocrx_word' id='word_1_143' title='bbox 994 2424 1134 2521; x_wconf 79' lang='lat' dir='ltr'><strong>populi</strong></span> <span class='ocrx_word' id='word_1_144' title='bbox 1146 2430 1230 2511; x_wconf 71' lang='grc' dir='ltr'><strong>εἰτ’,</strong></span> 
     </span>
    </p>
   </div>
   <div class='ocr_carea' id='block_1_4' title="bbox 1025 2635 1042 2651">
    <p class='ocr_par' dir='ltr' id='par_1_5' title="bbox 1025 2635 1042 2651">
     <span class='ocr_line' id='line_1_21' title="bbox 1025 2635 1042 2651; baseline 0 0"><span class='ocrx_word' id='word_1_145' title='bbox 1025 2635 1042 2651; x_wconf 69' lang='grc' dir='ltr'>Ν</span> 
     </span>
    </p>
   </div>
   <div class='ocr_carea' id='block_1_5' title="bbox 153 2634 1308 4122">
    <p class='ocr_par' dir='ltr' id='par_1_6' title="bbox 153 2634 1308 4123">
     <span class='ocr_line' id='line_1_22' title="bbox 159 2634 1232 2704; baseline 0.001 -19"><span class='ocrx_word' id='word_1_146' title='bbox 159 2637 314 2701; x_wconf 81' lang='lat' dir='ltr'><strong>notandum),</strong></span> <span class='ocrx_word' id='word_1_147' title='bbox 317 2637 466 2703; x_wconf 78' lang='lat' dir='ltr'><strong>fiscaqueab</strong></span> <span class='ocrx_word' id='word_1_148' title='bbox 475 2652 512 2693; x_wconf 88' lang='lat' dir='ltr'><strong>co,</strong></span> <span class='ocrx_word' id='word_1_149' title='bbox 523 2634 668 2691; x_wconf 61' lang='lat' dir='ltr'><strong>detraherem</strong></span> <span class='ocrx_word' id='word_1_150' title='bbox 713 2635 823 2700; x_wconf 74' lang='lat' dir='ltr'><strong>miitliig)</strong></span> <span class='ocrx_word' id='word_1_151' title='bbox 844 2636 883 2683; x_wconf 85' lang='lat' dir='ltr'><strong>vel</strong></span> <span class='ocrx_word' id='word_1_152' title='bbox 902 2641 957 2682; x_wconf 86' lang='lat' dir='ltr'><strong>cum</strong></span> <span class='ocrx_word' id='word_1_153' title='bbox 981 2634 1109 2704; x_wconf 81' lang='grc' dir='ltr'>παρρησίᾳ</span> <span class='ocrx_word' id='word_1_154' title='bbox 1129 2650 1155 2686; x_wconf 88' lang='lat' dir='ltr'><strong>et</strong></span> <span class='ocrx_word' id='word_1_155' title='bbox 1176 2641 1232 2690; x_wconf 81' lang='lat' dir='ltr'><strong>sine</strong></span> 
     </span>
     <span class='ocr_line' id='line_1_23' title="bbox 159 2714 1232 2778; baseline 0.001 -15"><span class='ocrx_word' id='word_1_156' title='bbox 159 2716 216 2763; x_wconf 83' lang='lat' dir='ltr'><strong>vide</strong></span> <span class='ocrx_word' id='word_1_157' title='bbox 229 2717 261 2762; x_wconf 90' lang='lat' dir='ltr'><strong>ad</strong></span> <span class='ocrx_word' id='word_1_158' title='bbox 269 2717 313 2773; x_wconf 81' lang='lat' dir='ltr'><strong>IV,</strong></span> <span class='ocrx_word' id='word_1_159' title='bbox 327 2732 373 2774; x_wconf 83' lang='lat' dir='ltr'><strong>ao,</strong></span> <span class='ocrx_word' id='word_1_160' title='bbox 391 2733 416 2762; x_wconf 93' lang='lat' dir='ltr'><strong>n.</strong></span> <span class='ocrx_word' id='word_1_161' title='bbox 431 2731 460 2773; x_wconf 90' lang='lat' dir='ltr'><strong>r,</strong></span> <span class='ocrx_word' id='word_1_162' title='bbox 478 2727 503 2763; x_wconf 90' lang='lat' dir='ltr'><strong>et</strong></span> <span class='ocrx_word' id='word_1_163' title='bbox 516 2717 607 2773; x_wconf 90' lang='lat' dir='ltr'><strong>XXII,</strong></span> <span class='ocrx_word' id='word_1_164' title='bbox 627 2714 668 2774; x_wconf 85' lang='lat'><strong>57,</strong></span> <span class='ocrx_word' id='word_1_165' title='bbox 712 2726 779 2762; x_wconf 87' lang='lat' dir='ltr'><strong>metu</strong></span> <span class='ocrx_word' id='word_1_166' title='bbox 792 2715 844 2762; x_wconf 87' lang='lat' dir='ltr'><strong>odii</strong></span> <span class='ocrx_word' id='word_1_167' title='bbox 855 2714 1047 2778; x_wconf 81' lang='lat' dir='ltr'><strong>offensionisque</strong></span> <span class='ocrx_word' id='word_1_168' title='bbox 1066 2716 1232 2778; x_wconf 78' lang='lat' dir='ltr'><strong>cujusquam,</strong></span> 
     </span>
     <span class='ocr_line' id='line_1_24' title="bbox 159 2793 1232 2859; baseline 0.002 -17"><span class='ocrx_word' id='word_1_169' title='bbox 159 2811 286 2842; x_wconf 81' lang='lat' dir='ltr'><strong>n.11.-</strong></span> <span class='ocrx_word' id='word_1_170' title='bbox 299 2793 523 2858; x_wconf 85' lang='lat' dir='ltr'><strong>Volenspropitins,·</strong></span> <span class='ocrx_word' id='word_1_171' title='bbox 536 2793 593 2840; x_wconf 88' lang='lat' dir='ltr'><strong>vide</strong></span> <span class='ocrx_word' id='word_1_172' title='bbox 602 2793 668 2859; x_wconf 68' lang='lat' dir='ltr'><strong>adl,</strong></span> <span class='ocrx_word' id='word_1_173' title='bbox 712 2811 764 2841; x_wconf 89' lang='lat' dir='ltr'><strong>non</strong></span> <span class='ocrx_word' id='word_1_174' title='bbox 782 2793 884 2841; x_wconf 85' lang='lat' dir='ltr'><strong>obscure</strong></span> <span class='ocrx_word' id='word_1_175' title='bbox 904 2805 928 2841; x_wconf 89' lang='lat' dir='ltr'><strong>et</strong></span> <span class='ocrx_word' id='word_1_176' title='bbox 944 2793 1137 2852; x_wconf 81' lang='lat' dir='ltr'><strong>dissimulanter,</strong></span> <span class='ocrx_word' id='word_1_177' title='bbox 1155 2811 1232 2844; x_wconf 70' lang='lat' dir='ltr'><strong>veroa</strong></span> 
     </span>
     <span class='ocr_line' id='line_1_25' title="bbox 161 2873 1232 2937; baseline 0.002 -16"><span class='ocrx_word' id='word_1_178' title='bbox 161 2875 206 2932; x_wconf 85' lang='lat'><strong>16,</strong></span> <span class='ocrx_word' id='word_1_179' title='bbox 224 2890 249 2921; x_wconf 92' lang='lat' dir='ltr'><strong>u.</strong></span> <span class='ocrx_word' id='word_1_180' title='bbox 266 2881 290 2929; x_wconf 73' lang='lat' dir='ltr'><strong>t.</strong></span> <span class='ocrx_word' id='word_1_181' title='bbox 712 2873 787 2920; x_wconf 88' lang='lat' dir='ltr'><strong>animi</strong></span> <span class='ocrx_word' id='word_1_182' title='bbox 807 2889 891 2920; x_wconf 83' lang='lat' dir='ltr'><strong>sensus</strong></span> <span class='ocrx_word' id='word_1_183' title='bbox 909 2883 1070 2937; x_wconf 81' lang='lat' dir='ltr'><strong>expromeret.</strong></span> <span class='ocrx_word' id='word_1_184' title='bbox 1086 2873 1183 2921; x_wconf 78' lang='lat' dir='ltr'><strong>Confer</strong></span> <span class='ocrx_word' id='word_1_185' title='bbox 1198 2875 1232 2923; x_wconf 75' lang='lat' dir='ltr'><strong>ad</strong></span> 
     </span>
     <span class='ocr_line' id='line_1_26' title="bbox 194 2951 1231 3016; baseline 0.003 -18"><span class='ocrx_word' id='word_1_186' title='bbox 194 2954 219 3001; x_wconf 89' lang='lat'><strong>6.</strong></span> <span class='ocrx_word' id='word_1_187' title='bbox 229 2956 278 2998; x_wconf 88' lang='lat' dir='ltr'><strong>Per</strong></span> <span class='ocrx_word' id='word_1_188' title='bbox 281 2951 403 3016; x_wconf 85' lang='lat' dir='ltr'><strong>principes</strong></span> <span class='ocrx_word' id='word_1_189' title='bbox 413 2951 550 3016; x_wconf 79' lang='lat' dir='ltr'><strong>regionum,</strong></span> <span class='ocrx_word' id='word_1_190' title='bbox 565 2967 609 3015; x_wconf 86' lang='lat' dir='ltr'><strong>per</strong></span> <span class='ocrx_word' id='word_1_191' title='bbox 619 2952 668 3015; x_wconf 87' lang='lat' dir='ltr'><strong>pri-</strong></span> <span class='ocrx_word' id='word_1_192' title='bbox 712 2955 771 2999; x_wconf 88' lang='lat' dir='ltr'><strong>Tac.</strong></span> <span class='ocrx_word' id='word_1_193' title='bbox 787 2953 852 2999; x_wconf 87' lang='lat' dir='ltr'><strong>Aun.</strong></span> <span class='ocrx_word' id='word_1_194' title='bbox 868 2955 905 3008; x_wconf 89' lang='lat' dir='ltr'><strong>H,</strong></span> <span class='ocrx_word' id='word_1_195' title='bbox 924 2954 970 3009; x_wconf 75' lang='lat'><strong>34,</strong></span> <span class='ocrx_word' id='word_1_196' title='bbox 989 2968 1013 2998; x_wconf 85' lang='lat' dir='ltr'><strong>n.</strong></span> <span class='ocrx_word' id='word_1_197' title='bbox 1028 2969 1039 2998; x_wconf 94' lang='lat'>1</span> <span class='ocrx_word' id='word_1_198' title='bbox 1055 2961 1079 2998; x_wconf 88' lang='lat' dir='ltr'><strong>et</strong></span> <span class='ocrx_word' id='word_1_199' title='bbox 1093 2959 1124 3010; x_wconf 77' lang='grc'><strong>4,</strong></span> <span class='ocrx_word' id='word_1_200' title='bbox 1144 2964 1171 3001; x_wconf 85' lang='lat' dir='ltr'><strong>et</strong></span> <span class='ocrx_word' id='word_1_201' title='bbox 1183 2957 1231 3004; x_wconf 82' lang='lat' dir='ltr'><strong>Ju-</strong></span> 
     </span>
     <span class='ocr_line' id='line_1_27' title="bbox 158 3029 1231 3094; baseline 0.001 -16"><span class='ocrx_word' id='word_1_202' title='bbox 158 3033 245 3079; x_wconf 85' lang='lat' dir='ltr'><strong>marias</strong></span> <span class='ocrx_word' id='word_1_203' title='bbox 253 3032 363 3094; x_wconf 80' lang='lat' dir='ltr'><strong>regiones</strong></span> <span class='ocrx_word' id='word_1_204' title='bbox 374 3030 452 3088; x_wconf 84' lang='lat' dir='ltr'><strong>nrbis;</strong></span> <span class='ocrx_word' id='word_1_205' title='bbox 462 3031 595 3078; x_wconf 80' lang='lat' dir='ltr'><strong>Stroth-</strong></span> <span class='ocrx_word' id='word_1_206' title='bbox 604 3032 668 3077; x_wconf 81' lang='lat' dir='ltr'><strong>Prae·</strong></span> <span class='ocrx_word' id='word_1_207' title='bbox 714 3032 792 3079; x_wconf 85' lang='lat' dir='ltr'><strong>venal.</strong></span> <span class='ocrx_word' id='word_1_208' title='bbox 805 3033 850 3090; x_wconf 87' lang='lat' dir='ltr'><strong>IV,</strong></span> <span class='ocrx_word' id='word_1_209' title='bbox 867 3047 908 3093; x_wconf 86' lang='lat'><strong>9⁰·</strong></span> <span class='ocrx_word' id='word_1_210' title='bbox 926 3031 991 3078; x_wconf 89' lang='lat' dir='ltr'><strong>Hinc</strong></span> <span class='ocrx_word' id='word_1_211' title='bbox 1010 3029 1112 3076; x_wconf 81' lang='lat' dir='ltr'><strong>liberum</strong></span> <span class='ocrx_word' id='word_1_212' title='bbox 1125 3033 1231 3082; x_wconf 83' lang='lat' dir='ltr'><strong>menda-</strong></span> 
     </span>
     <span class='ocr_line' id='line_1_28' title="bbox 157 3108 1231 3178; baseline -0.001 -20"><span class='ocrx_word' id='word_1_213' title='bbox 157 3111 226 3158; x_wconf 79' lang='lat' dir='ltr'><strong>sidiis</strong></span> <span class='ocrx_word' id='word_1_214' title='bbox 232 3110 323 3178; x_wconf 84' lang='lat' dir='ltr'><strong>firmat</strong></span> <span class='ocrx_word' id='word_1_215' title='bbox 339 3108 444 3166; x_wconf 79' lang='lat' dir='ltr'><strong>borrea;</strong></span> <span class='ocrx_word' id='word_1_216' title='bbox 466 3108 524 3156; x_wconf 87' lang='lat' dir='ltr'><strong>vide</strong></span> <span class='ocrx_word' id='word_1_217' title='bbox 540 3108 572 3155; x_wconf 88' lang='lat' dir='ltr'><strong>ad</strong></span> <span class='ocrx_word' id='word_1_218' title='bbox 589 3110 665 3166; x_wconf 84' lang='lat' dir='ltr'><strong>XXI,</strong></span> <span class='ocrx_word' id='word_1_219' title='bbox 712 3110 776 3157; x_wconf 86' lang='lat' dir='ltr'><strong>cium</strong></span> <span class='ocrx_word' id='word_1_220' title='bbox 791 3123 828 3158; x_wconf 88' lang='lat' dir='ltr'><strong>est</strong></span> <span class='ocrx_word' id='word_1_221' title='bbox 840 3109 921 3157; x_wconf 83' lang='lat' dir='ltr'><strong>audax</strong></span> <span class='ocrx_word' id='word_1_222' title='bbox 936 3108 990 3174; x_wconf 88' lang='lat' dir='ltr'><strong>(vel</strong></span> <span class='ocrx_word' id='word_1_223' title='bbox 1000 3124 1097 3168; x_wconf 88' lang='lat' dir='ltr'><strong>eorum,</strong></span> <span class='ocrx_word' id='word_1_224' title='bbox 1119 3111 1164 3173; x_wconf 90' lang='lat' dir='ltr'><strong>qui</strong></span> <span class='ocrx_word' id='word_1_225' title='bbox 1180 3130 1231 3177; x_wconf 83' lang='lat' dir='ltr'><strong>pro</strong></span> 
     </span>
     <span class='ocr_line' id='line_1_29' title="bbox 160 3187 1231 3252; baseline 0.004 -16"><span class='ocrx_word' id='word_1_226' title='bbox 160 3189 175 3236; x_wconf 80' lang='lat'><strong><em>5</em></strong></span> <span class='ocrx_word' id='word_1_227' title='bbox 179 3207 202 3250; x_wconf 88' lang='lat'><strong>7,</strong></span> <span class='ocrx_word' id='word_1_228' title='bbox 213 3204 237 3236; x_wconf 88' lang='lat' dir='ltr'><strong>n.</strong></span> <span class='ocrx_word' id='word_1_229' title='bbox 250 3206 312 3249; x_wconf 85' lang='lat'><strong>7.-</strong></span> <span class='ocrx_word' id='word_1_230' title='bbox 320 3188 391 3235; x_wconf 83' lang='lat' dir='ltr'><strong>Arois</strong></span> <span class='ocrx_word' id='word_1_231' title='bbox 405 3188 429 3234; x_wconf 85' lang='lat' dir='ltr'><strong>in</strong></span> <span class='ocrx_word' id='word_1_232' title='bbox 441 3187 539 3234; x_wconf 86' lang='lat' dir='ltr'><strong>modam</strong></span> <span class='ocrx_word' id='word_1_233' title='bbox 550 3187 668 3234; x_wconf 83' lang='lat' dir='ltr'><strong>emunitus</strong></span> <span class='ocrx_word' id='word_1_234' title='bbox 712 3190 813 3237; x_wconf 86' lang='lat' dir='ltr'><strong>arbitrio</strong></span> <span class='ocrx_word' id='word_1_235' title='bbox 827 3189 992 3245; x_wconf 69' lang='lat' dir='ltr'><strong>mentimur,</strong></span> <span class='ocrx_word' id='word_1_236' title='bbox 1011 3188 1041 3235; x_wconf 87' lang='lat' dir='ltr'><strong>de</strong></span> <span class='ocrx_word' id='word_1_237' title='bbox 1054 3204 1080 3234; x_wconf 89' lang='lat' dir='ltr'><strong>re</strong></span> <span class='ocrx_word' id='word_1_238' title='bbox 1093 3189 1182 3252; x_wconf 78' lang='lat' dir='ltr'><strong>Ignota</strong></span> <span class='ocrx_word' id='word_1_239' title='bbox 1193 3192 1231 3251; x_wconf 73' lang='grc' dir='ltr'><strong>εἰ,</strong></span> 
     </span>
     <span class='ocr_line' id='line_1_30' title="bbox 157 3260 1231 3331; baseline 0.005 -17"><span class='ocrx_word' id='word_1_240' title='bbox 157 3269 242 3325; x_wconf 86' lang='lat' dir='ltr'><strong>Iocus,·</strong></span> <span class='ocrx_word' id='word_1_241' title='bbox 256 3268 313 3315; x_wconf 88' lang='lat' dir='ltr'><strong>vide</strong></span> <span class='ocrx_word' id='word_1_242' title='bbox 323 3267 355 3314; x_wconf 90' lang='lat' dir='ltr'><strong>ad</strong></span> <span class='ocrx_word' id='word_1_243' title='bbox 363 3270 438 3326; x_wconf 57' lang='lat'><strong>11,‘7‚</strong></span> <span class='ocrx_word' id='word_1_244' title='bbox 452 3283 477 3315; x_wconf 90' lang='lat' dir='ltr'><strong>n.</strong></span> <span class='ocrx_word' id='word_1_245' title='bbox 489 3283 551 3326; x_wconf 86' lang='lat'><strong>7·—</strong></span> <span class='ocrx_word' id='word_1_246' title='bbox 563 3266 668 3313; x_wconf 86' lang='lat' dir='ltr'><strong>mittunt·</strong></span> <span class='ocrx_word' id='word_1_247' title='bbox 712 3260 752 3317; x_wconf 85' lang='lat' dir='ltr'><strong>cui</strong></span> <span class='ocrx_word' id='word_1_248' title='bbox 768 3280 878 3317; x_wconf 86' lang='lat' dir='ltr'><strong>narratur</strong></span> <span class='ocrx_word' id='word_1_249' title='bbox 895 3268 1063 3329; x_wconf 70' lang='lat' dir='ltr'><strong>jactamque,</strong></span> <span class='ocrx_word' id='word_1_250' title='bbox 1076 3279 1106 3315; x_wconf 92' lang='lat' dir='ltr'><strong>ut</strong></span> <span class='ocrx_word' id='word_1_251' title='bbox 1120 3271 1231 3331; x_wconf 81' lang='lat' dir='ltr'><strong>XXVI,</strong></span> 
     </span>
     <span class='ocr_line' id='line_1_31' title="bbox 158 3338 1308 3411; baseline 0.004 -19"><span class='ocrx_word' id='word_1_252' title='bbox 158 3363 205 3410; x_wconf 63' lang='lat' dir='ltr'><strong>qne</strong></span> <span class='ocrx_word' id='word_1_253' title='bbox 222 3346 333 3404; x_wconf 69' lang='lat' dir='ltr'><strong>nuncios,</strong></span> <span class='ocrx_word' id='word_1_254' title='bbox 398 3361 463 3401; x_wconf 61' lang='lat' dir='ltr'><strong>essa·</strong></span> <span class='ocrx_word' id='word_1_255' title='bbox 476 3344 533 3391; x_wconf 75' lang='lat' dir='ltr'><strong>vtae</strong></span> <span class='ocrx_word' id='word_1_256' title='bbox 548 3343 580 3392; x_wconf 74' lang='lat' dir='ltr'><strong>aa</strong></span> <span class='ocrx_word' id='word_1_257' title='bbox 591 3346 667 3403; x_wconf 87' lang='lat' dir='ltr'><strong>vm,</strong></span> <span class='ocrx_word' id='word_1_258' title='bbox 713 3349 856 3408; x_wconf 65' lang='lat' dir='ltr'><strong>cmxxx,</strong></span> <span class='ocrx_word' id='word_1_259' title='bbox 866 3348 1048 3405; x_wconf 55' lang='lat' dir='ltr'><strong>sarrana</strong></span> <span class='ocrx_word' id='word_1_260' title='bbox 1059 3345 1102 3411; x_wconf 74' lang='lat'><strong>14)</strong></span> <span class='ocrx_word' id='word_1_261' title='bbox 1113 3348 1232 3409; x_wconf 78' lang='lat' dir='ltr'><strong>xxxv,</strong></span> <span class='ocrx_word' id='word_1_262' title='bbox 1304 3338 1308 3343; x_wconf 87' lang='lat'>&#39;</span> 
     </span>
     <span class='ocr_line' id='line_1_32' title="bbox 160 3423 1231 3494; baseline 0.003 -21"><span class='ocrx_word' id='word_1_263' title='bbox 160 3441 206 3487; x_wconf 88' lang='lat'><strong>19,</strong></span> <span class='ocrx_word' id='word_1_264' title='bbox 219 3443 244 3472; x_wconf 90' lang='lat' dir='ltr'><strong>n.</strong></span> <span class='ocrx_word' id='word_1_265' title='bbox 258 3440 297 3472; x_wconf 88' lang='lat' dir='ltr'><strong>ro.</strong></span> <span class='ocrx_word' id='word_1_266' title='bbox 714 3442 743 3473; x_wconf 78' lang='lat'><strong>12</strong></span> <span class='ocrx_word' id='word_1_267' title='bbox 755 3440 817 3474; x_wconf 83' lang='lat' dir='ltr'><strong>extr.</strong></span> <span class='ocrx_word' id='word_1_268' title='bbox 831 3437 856 3473; x_wconf 90' lang='lat' dir='ltr'><strong>et</strong></span> <span class='ocrx_word' id='word_1_269' title='bbox 870 3426 967 3473; x_wconf 83' lang='lat' dir='ltr'><strong>libertas</strong></span> <span class='ocrx_word' id='word_1_270' title='bbox 978 3423 1105 3494; x_wconf 74' lang='grc' dir='ltr'><strong>παῤῥησία</strong></span> <span class='ocrx_word' id='word_1_271' title='bbox 1115 3426 1163 3484; x_wconf 88' lang='grc' dir='ltr'><strong>ΙΙ,</strong></span> <span class='ocrx_word' id='word_1_272' title='bbox 1184 3433 1231 3493; x_wconf 84' lang='grc'><strong>56,</strong></span> 
     </span>
     <span class='ocr_line' id='line_1_33' title="bbox 193 3502 1232 3572; baseline 0.003 -19"><span class='ocrx_word' id='word_1_273' title='bbox 193 3505 251 3553; x_wconf 73' lang='lat' dir='ltr'><strong>Ctr.</strong></span> <span class='ocrx_word' id='word_1_274' title='bbox 262 3504 348 3550; x_wconf 87' lang='lat' dir='ltr'><strong>XXII.</strong></span> <span class='ocrx_word' id='word_1_275' title='bbox 362 3519 383 3548; x_wconf 87' lang='lat'><strong>1.</strong></span> <span class='ocrx_word' id='word_1_276' title='bbox 393 3505 442 3548; x_wconf 90' lang='lat' dir='ltr'><strong>Pro</strong></span> <span class='ocrx_word' id='word_1_277' title='bbox 456 3502 527 3549; x_wconf 80' lang='lat' dir='ltr'><strong>Cano.</strong></span> <span class='ocrx_word' id='word_1_278' title='bbox 538 3519 598 3560; x_wconf 88' lang='lat' dir='ltr'><strong>ara,</strong></span> <span class='ocrx_word' id='word_1_279' title='bbox 610 3503 666 3550; x_wconf 92' lang='lat' dir='ltr'><strong>loco</strong></span> <span class='ocrx_word' id='word_1_280' title='bbox 711 3516 735 3552; x_wconf 86' lang='lat' dir='ltr'><strong>et</strong></span> <span class='ocrx_word' id='word_1_281' title='bbox 742 3506 828 3564; x_wconf 89' lang='lat' dir='ltr'><strong>XLII,</strong></span> <span class='ocrx_word' id='word_1_282' title='bbox 842 3512 922 3560; x_wconf 72' lang='lat'><strong>14.-</strong></span> <span class='ocrx_word' id='word_1_283' title='bbox 930 3503 1086 3552; x_wconf 82' lang='lat' dir='ltr'><strong>Servitudr&#39;m&#39;s</strong></span> <span class='ocrx_word' id='word_1_284' title='bbox 1093 3521 1150 3552; x_wconf 87' lang='lat' dir='ltr'><strong>voc.</strong></span> <span class='ocrx_word' id='word_1_285' title='bbox 1159 3509 1232 3572; x_wconf 82' lang='lat' dir='ltr'><strong>apud</strong></span> 
     </span>
     <span class='ocr_line' id='line_1_34' title="bbox 153 3578 1231 3648; baseline 0.002 -18"><span class='ocrx_word' id='word_1_286' title='bbox 153 3583 281 3648; x_wconf 82' lang='lat' dir='ltr'><strong>aptissimo</strong></span> <span class='ocrx_word' id='word_1_287' title='bbox 295 3581 327 3628; x_wconf 89' lang='lat' dir='ltr'><strong>ad</strong></span> <span class='ocrx_word' id='word_1_288' title='bbox 340 3578 497 3628; x_wconf 88' lang='lat' dir='ltr'><strong>concordiam</strong></span> <span class='ocrx_word' id='word_1_289' title='bbox 510 3581 665 3630; x_wconf 86' lang='lat' dir='ltr'><strong>suadendam.</strong></span> <span class='ocrx_word' id='word_1_290' title='bbox 710 3586 808 3631; x_wconf 76' lang='lat' dir='ltr'><strong>Festum</strong></span> <span class='ocrx_word' id='word_1_291' title='bbox 817 3583 930 3641; x_wconf 88' lang='lat' dir='ltr'><strong>obvium,</strong></span> <span class='ocrx_word' id='word_1_292' title='bbox 942 3594 966 3630; x_wconf 87' lang='lat' dir='ltr'><strong>et</strong></span> <span class='ocrx_word' id='word_1_293' title='bbox 975 3583 1037 3629; x_wconf 88' lang='lat' dir='ltr'><strong>infra</strong></span> <span class='ocrx_word' id='word_1_294' title='bbox 1042 3584 1176 3645; x_wconf 86' lang='lat' dir='ltr'><strong>XXXIX,</strong></span> <span class='ocrx_word' id='word_1_295' title='bbox 1186 3589 1231 3648; x_wconf 77' lang='lat'><strong>37,</strong></span> 
     </span>
     <span class='ocr_line' id='line_1_35' title="bbox 155 3659 1231 3726; baseline 0.004 -17"><span class='ocrx_word' id='word_1_296' title='bbox 155 3663 237 3709; x_wconf 86' lang='lat' dir='ltr'><strong>Verba</strong></span> <span class='ocrx_word' id='word_1_297' title='bbox 246 3679 294 3726; x_wconf 87' lang='lat' dir='ltr'><strong>pro</strong></span> <span class='ocrx_word' id='word_1_298' title='bbox 308 3677 355 3707; x_wconf 90' lang='lat' dir='ltr'><strong>ara</strong></span> <span class='ocrx_word' id='word_1_299' title='bbox 368 3660 430 3706; x_wconf 84' lang='lat' dir='ltr'><strong>infra</strong></span> <span class='ocrx_word' id='word_1_300' title='bbox 443 3660 643 3724; x_wconf 80' lang='lat' dir='ltr'><strong>explicanturbis</strong></span> <span class='ocrx_word' id='word_1_301' title='bbox 658 3675 665 3709; x_wconf 89' lang='lat'>:</span> <span class='ocrx_word' id='word_1_302' title='bbox 710 3662 785 3710; x_wconf 79' lang='lat' dir='ltr'><strong>intas</strong></span> <span class='ocrx_word' id='word_1_303' title='bbox 793 3661 1013 3717; x_wconf 68' lang='lat' dir='ltr'><strong>Laudianofflralr.</strong></span> <span class='ocrx_word' id='word_1_304' title='bbox 1022 3659 1231 3713; x_wconf 77' lang='lat' dir='ltr'><strong>Servitiitoedr&#39;nm</strong></span> 
     </span>
     <span class='ocr_line' id='line_1_36' title="bbox 155 3738 1231 3805; baseline 0.002 -18"><span class='ocrx_word' id='word_1_305' title='bbox 155 3741 180 3787; x_wconf 82' lang='lat' dir='ltr'><strong>in</strong></span> <span class='ocrx_word' id='word_1_306' title='bbox 198 3758 269 3787; x_wconf 90' lang='lat' dir='ltr'><strong>aram</strong></span> <span class='ocrx_word' id='word_1_307' title='bbox 284 3738 438 3795; x_wconf 78' lang='lat' dir='ltr'><strong>Concordia,</strong></span> <span class='ocrx_word' id='word_1_308' title='bbox 463 3753 495 3784; x_wconf 81' lang='lat' dir='ltr'><strong>esc</strong></span> <span class='ocrx_word' id='word_1_309' title='bbox 517 3755 567 3802; x_wconf 87' lang='lat' dir='ltr'><strong>qna</strong></span> <span class='ocrx_word' id='word_1_310' title='bbox 585 3740 665 3803; x_wconf 80' lang='lat' dir='ltr'><strong>pridie</strong></span> <span class='ocrx_word' id='word_1_311' title='bbox 709 3742 846 3805; x_wconf 80' lang='lat' dir='ltr'><strong>conj.Lips.</strong></span> <span class='ocrx_word' id='word_1_312' title='bbox 855 3740 950 3787; x_wconf 83' lang='lat' dir='ltr'><strong>Servitii</strong></span> <span class='ocrx_word' id='word_1_313' title='bbox 951 3757 1039 3804; x_wconf 80' lang='lat' dir='ltr'><strong>panas</strong></span> <span class='ocrx_word' id='word_1_314' title='bbox 1050 3738 1231 3804; x_wconf 73' lang='lat' dir='ltr'><strong>indignitates-</strong></span> 
     </span>
     <span class='ocr_line' id='line_1_37' title="bbox 155 3818 1228 3885; baseline 0.008 -21"><span class='ocrx_word' id='word_1_315' title='bbox 155 3820 312 3866; x_wconf 85' lang='lat' dir='ltr'><strong>concionatus</strong></span> <span class='ocrx_word' id='word_1_316' title='bbox 325 3829 392 3874; x_wconf 85' lang='lat' dir='ltr'><strong>crat,</strong></span> <span class='ocrx_word' id='word_1_317' title='bbox 406 3818 518 3866; x_wconf 85' lang='lat' dir='ltr'><strong>escendit.</strong></span> <span class='ocrx_word' id='word_1_318' title='bbox 533 3820 623 3867; x_wconf 86' lang='lat' dir='ltr'><strong>Confer</strong></span> <span class='ocrx_word' id='word_1_319' title='bbox 634 3819 665 3866; x_wconf 91' lang='lat' dir='ltr'><strong>ad</strong></span> <span class='ocrx_word' id='word_1_320' title='bbox 709 3837 755 3884; x_wconf 82' lang='lat' dir='ltr'><strong>que</strong></span> <span class='ocrx_word' id='word_1_321' title='bbox 769 3822 847 3867; x_wconf 87' lang='lat' dir='ltr'><strong>Gron.</strong></span> <span class='ocrx_word' id='word_1_322' title='bbox 866 3846 901 3855; x_wconf 91' lang='lat'><strong>-—</strong></span> <span class='ocrx_word' id='word_1_323' title='bbox 921 3818 1077 3884; x_wconf 74' lang='lat' dir='ltr'><strong>Indignitatis</strong></span> <span class='ocrx_word' id='word_1_324' title='bbox 1094 3834 1228 3885; x_wconf 75' lang='lat' dir='ltr'><strong>expertos,</strong></span> 
     </span>
     <span class='ocr_line' id='line_1_38' title="bbox 155 3897 989 3962; baseline 0.004 -19"><span class='ocrx_word' id='word_1_325' title='bbox 155 3899 257 3955; x_wconf 78' lang='lat' dir='ltr'><strong>XXVI,</strong></span> <span class='ocrx_word' id='word_1_326' title='bbox 269 3913 311 3957; x_wconf 81' lang='lat'><strong>27,</strong></span> <span class='ocrx_word' id='word_1_327' title='bbox 324 3914 348 3945; x_wconf 91' lang='lat' dir='ltr'><strong>n.</strong></span> <span class='ocrx_word' id='word_1_328' title='bbox 360 3897 561 3958; x_wconf 74' lang='lat' dir='ltr'><strong>t.—Polyaenns</strong></span> <span class='ocrx_word' id='word_1_329' title='bbox 569 3897 609 3962; x_wconf 87' lang='lat' dir='ltr'><strong>(al.</strong></span> <span class='ocrx_word' id='word_1_330' title='bbox 618 3900 665 3944; x_wconf 87' lang='lat' dir='ltr'><strong>Po·</strong></span> <span class='ocrx_word' id='word_1_331' title='bbox 708 3899 811 3946; x_wconf 76' lang='lat' dir='ltr'><strong>vidend</strong></span> <span class='ocrx_word' id='word_1_332' title='bbox 824 3901 870 3957; x_wconf 90' lang='lat' dir='ltr'><strong>IV,</strong></span> <span class='ocrx_word' id='word_1_333' title='bbox 885 3914 913 3961; x_wconf 86' lang='lat'><strong>9,</strong></span> <span class='ocrx_word' id='word_1_334' title='bbox 925 3915 951 3946; x_wconf 88' lang='lat' dir='ltr'><strong>n.</strong></span> <span class='ocrx_word' id='word_1_335' title='bbox 966 3907 989 3954; x_wconf 73' lang='lat' dir='ltr'><strong>t.</strong></span> 
     </span>
     <span class='ocr_line' id='line_1_39' title="bbox 155 3973 1233 4046; baseline 0.003 -25"><span class='ocrx_word' id='word_1_336' title='bbox 155 3973 408 4040; x_wconf 57' lang='lat' dir='ltr'><strong>hnoertsetPolyneus)</strong></span> <span class='ocrx_word' id='word_1_337' title='bbox 416 3976 555 4024; x_wconf 86' lang='lat' dir='ltr'><strong>concionem</strong></span> <span class='ocrx_word' id='word_1_338' title='bbox 564 3976 664 4025; x_wconf 84' lang='lat' dir='ltr'><strong>liberam</strong></span> <span class='ocrx_word' id='word_1_339' title='bbox 744 3994 768 4025; x_wconf 81' lang='lat' dir='ltr'><strong>a.</strong></span> <span class='ocrx_word' id='word_1_340' title='bbox 786 3980 818 4025; x_wconf 81' lang='lat' dir='ltr'><strong>Ut</strong></span> <span class='ocrx_word' id='word_1_341' title='bbox 826 3978 850 4024; x_wconf 85' lang='lat' dir='ltr'><strong>in</strong></span> <span class='ocrx_word' id='word_1_342' title='bbox 856 3989 978 4042; x_wconf 82' lang='lat' dir='ltr'><strong>potestate</strong></span> <span class='ocrx_word' id='word_1_343' title='bbox 987 3990 1084 4026; x_wconf 83' lang='lat' dir='ltr'><strong>senatus</strong></span> <span class='ocrx_word' id='word_1_344' title='bbox 1096 3995 1129 4024; x_wconf 89' lang='lat' dir='ltr'><strong>ac</strong></span> <span class='ocrx_word' id='word_1_345' title='bbox 1134 3984 1233 4046; x_wconf 73' lang='lat' dir='ltr'><strong>populi</strong></span> 
     </span>
     <span class='ocr_line' id='line_1_40' title="bbox 154 4053 1231 4122; baseline 0.01 -21"><span class='ocrx_word' id='word_1_346' title='bbox 154 4053 253 4111; x_wconf 78' lang='lat' dir='ltr'><strong>habuit,</strong></span> <span class='ocrx_word' id='word_1_347' title='bbox 272 4055 420 4113; x_wconf 85' lang='lat' dir='ltr'><strong>orationem,</strong></span> <span class='ocrx_word' id='word_1_348' title='bbox 438 4072 485 4118; x_wconf 87' lang='lat' dir='ltr'><strong>qua</strong></span> <span class='ocrx_word' id='word_1_349' title='bbox 497 4056 573 4104; x_wconf 90' lang='lat' dir='ltr'><strong>libere</strong></span> <span class='ocrx_word' id='word_1_350' title='bbox 590 4056 663 4120; x_wconf 73' lang='lat' dir='ltr'><strong>(frei-</strong></span> <span class='ocrx_word' id='word_1_351' title='bbox 708 4057 738 4105; x_wconf 84' lang='lat' dir='ltr'><strong>sit</strong></span> <span class='ocrx_word' id='word_1_352' title='bbox 756 4055 826 4105; x_wconf 80' lang='lat' dir='ltr'><strong>(vide</strong></span> <span class='ocrx_word' id='word_1_353' title='bbox 846 4058 878 4104; x_wconf 87' lang='lat' dir='ltr'><strong>ad</strong></span> <span class='ocrx_word' id='word_1_354' title='bbox 890 4060 914 4104; x_wconf 94' lang='lat' dir='ltr'><strong>II</strong></span> <span class='ocrx_word' id='word_1_355' title='bbox 947 4057 992 4114; x_wconf 83' lang='lat'><strong>56,</strong></span> <span class='ocrx_word' id='word_1_356' title='bbox 1014 4073 1038 4104; x_wconf 92' lang='lat' dir='ltr'><strong>n.</strong></span> <span class='ocrx_word' id='word_1_357' title='bbox 1057 4055 1117 4120; x_wconf 82' lang='lat'><strong>16),</strong></span> <span class='ocrx_word' id='word_1_358' title='bbox 1133 4074 1231 4122; x_wconf 84' lang='lat' dir='ltr'><strong>portas</strong></span> 
     </span>
    </p>
   </div>
   <div class='ocr_carea' id='block_1_6' title="bbox 0 0 1396 4568">
    <p class='ocr_par' dir='ltr' id='par_1_7' title="bbox 0 0 1396 4568">
     <span class='ocr_line' id='line_1_41' title="bbox 0 0 1396 4568; baseline 0 1"><span class='ocrx_word' id='word_1_359' title='bbox 0 0 1396 4568; x_wconf 95' lang='lat' dir='ltr'><strong> </strong></span> 
     </span>
    </p>
   </div>
  </div>
 </body>
</html>
