2782 4568
1086 286 1111 323 Α.
1123 282 1147 321 C.
1162 287 1208 323 nb.

1086 343 1114 384 ΙΙ.
1123 344 1149 385 C.
1158 347 1209 386 536.
1231 344 1236 357 '

168 307 237 376 280
595 307 633 373 T.
664 306 803 374 LIVII
833 295 836 301 ⁶

166 425 336 495 adversus
350 427 524 522 punicum
542 423 661 496 foedus
680 439 845 511 steterat3
860 449 928 495 nec
947 450 1030 494 eum
1048 440 1110 495 aut
1127 426 1236 498 incli-

165 548 248 603 nata
271 535 307 603 in
334 549 473 631 partem
498 534 647 610 alteram
675 536 816 631 civitas,
838 548 900 603 aut
924 535 1038 630 patria
1063 535 1236 629 majestas

164 645 344 714 sententia
361 644 561 742 depulerat.
579 646 671 716 Huic
691 660 768 715 tum
787 659 891 742 pater
902 645 1026 739 juveni
1041 645 1235 718 Hanniba-

164 753 235 824 lem
258 754 489 853 deprecando
518 756 650 853 magiS,
673 780 782 852 quam
799 803 802 808 -
817 754 1029 853 purgandO,
1056 755 1232 852 placavit3

161 866 351 962 victusque
370 868 482 964 patris
498 865 689 965 precibusl
705 867 960 962 lacrymisque,
975 866 1082 937 etiam
1097 865 1143 936 ad
1159 891 1234 938 coe-

163 1001 247 1046 nam
272 1001 354 1047 eum
376 1002 460 1047 cum
478 992 580 1073 patre
604 977 726 1047 vocari
746 977 875 1072 jussit:
894 975 953 1045 cui
974 975 1137 1045 convivio
1162 1001 1233 1048 ne-

161 1087 298 1156 minem
317 1090 564 1183 Campanum,
580 1101 821 1183 praeterquam
834 1085 996 1182 hospites
1011 1083 1232 1187 lubellium-

163 1223 235 1294 que
266 1205 461 1282 Tauream,
491 1199 669 1295 insignem
699 1196 797 1271 bello
825 1198 964 1282 virum,
998 1194 1232 1268 adhibiturus

162 1291 248 1379 erat.
268 1313 468 1407 Coeperunt
485 1309 623 1405 epulari
638 1307 683 1379 de
700 1307 760 1379 die
771 1304 797 1396 ⁵,
812 1323 848 1379 et
864 1308 1069 1378 convivium
1086 1331 1162 1376 non
1175 1332 1232 1410 ,ex

160 1443 264 1489 more
282 1420 435 1516 punico,
454 1419 680 1489 autmilitari
698 1418 885 1515 disciplina
904 1441 1002 1504 esse,
1021 1415 1104 1505 sed,
1122 1430 1166 1486 ut
1189 1418 1229 1487 in

161 1529 304 1600 civitate
333 1544 442 1626 atque
473 1529 581 1600 etiam
603 1527 732 1618 domo,
756 1527 820 1598 diu
848 1527 893 1596 ad
919 1527 1032 1597 varias
1062 1527 1229 1595 omnium

162 1638 390 1737 voluptatum
422 1637 608 1710 illecebras
634 1639 809 1708 instructa
823 1634 850 1706 ⁶.
878 1640 981 1719 Unus
1008 1659 1077 1705 nec
1108 1633 1230 1704 domi·

164 1772 296 1818 norum
320 1746 549 1836 invitatione,
568 1771 637 1818 nec
659 1749 771 1845 ipsius
794 1746 978 1852 interdum
998 1742 1229 1835 Hannibalis,

142 1931 145 1936 ,
165 1857 298 1928 Calavii
320 1857 415 1928 filius
436 1859 574 1937 Perolla
592 1859 687 1928 vinci
710 1859 869 1955 potuit73
887 1858 963 1955 ipse
982 1853 1229 1926 valetudinem

164 1991 357 2057 excusam,
380 1983 481 2066 patre
504 1968 614 2038 animi
636 1992 784 2064 quoque
806 1967 882 2064 ejus
903 1964 1001 2036 haud
1025 1963 1229 2036 mirabilem

148 2128 194 2203 ‘ac
207 2158 283 2226 latere
296 2159 404 2227 Stroth„
415 2171 440 2207 et
453 2161 528 2207 obstr.
537 2160 581 2207 abs
592 2161 623 2209 D.
635 2161 670 2206 M.

164 2236 240 2284 latere
253 2239 365 2287 Gronov.
378 2254 406 2286 nc
419 2239 493 2286 urat.
508 2238 615 2287 edidere.
631 2237 672 2285 Illi

163 2316 328 2364 emendationi
353 2317 435 2366 favent
459 2317 568 2381 plerique
591 2316 671 2375 MSS,

164 2392 222 2439 huic
235 2411 287 2442 non
300 2394 348 2442 nisi
360 2413 432 2444 unus.

198 2478 223 2525 4.
239 2472 367 2537 Virtusque
371 2474 453 2538 patris
457 2472 582 2537 precibus,
595 2472 671 2520 scibo.

164 2549 300 2609 Hannibnh
311 2551 368 2599 vide
381 2551 413 2598 ad
425 2554 465 2607 11,
478 2550 525 2608 56,
538 2566 563 2596 n.
577 2565 597 2596 1.
611 2551 672 2597 Ora·

162 2625 254 2672 tionem
267 2639 348 2674 tamen
361 2645 413 2676 non
424 2628 499 2674 modo
511 2628 564 2675 haec
577 2640 672 2677 senten-

164 2704 252 2752 tiarum
265 2706 378 2766 junctura
393 2707 502 2754 scabram
519 2707 609 2766 eflicit,
628 2707 672 2756 sed

163 2794 187 2830 ct
200 2800 250 2832 vox
259 2797 333 2849 pater
343 2797 380 2834 ter
390 2786 478 2850 positu.
492 2772 566 2834 Forte
575 2787 671 2850 legend.

125 2904 126 2907 ,
161 2862 288 2928 ‘victusque
297 2868 384 2912 Poenus
389 2865 514 2929 precibus,
524 2881 559 2912 sc.
569 2866 653 2929 patris.

197 2943 221 2988 5.
233 2942 359 3007 Coeperrmt
367 2944 462 3008 cpulari
471 2945 501 2990 cle
510 2944 564 3000 clic,·
573 2944 629 2992 vide
639 2945 670 2991 ad

162 3023 214 3080 ΙΙΙ,
225 3029 272 3082 44,
282 3038 307 3069 n.
319 3023 342 3068 5.
352 3050 386 3058 —
396 3023 496 3086 Signum
508 3023 556 3069 boe
567 3023 670 3070 luxurias

161 3112 212 3160 est,
225 3102 246 3148 si
260 3101 291 3148 ad
303 3118 383 3149 mores
395 3117 508 3149 romanos
520 3103 669 3165 respiciatur.

134 3215 138 3223 .
161 3179 253 3226 Eodem
267 3197 338 3227 sensu
348 3181 480 3238 Horatius,
487 3193 583 3243 partem
591 3181 669 3228 solido

161 3256 255 3305 demere
265 3260 295 3304 dc
306 3259 358 3317 die,
371 3259 453 3317 0d.1,
466 3276 490 3318 1,
501 3275 542 3308 20.
550 3259 607 3306 Vid.
616 3260 670 3322 Lip-

160 3336 222 3382 sIum
234 3337 265 3383 ad
276 3340 335 3386 Tac
347 3341 413 3385 Anu.
423 3340 495 3396 xlv,
508 3355 531 3385 2.
541 3341 587 3385 Eo.

194 3417 219 3462 6.
238 3418 332 3473 Domo,
352 3417 394 3462 din
412 3417 449 3462 ad
461 3416 548 3463 varias
562 3417 668 3463 omnium

157 3494 312 3556 voluptatum
328 3494 452 3540 illecebras
468 3493 601 3550 instructa,·
612 3494 668 3542 vide

158 3573 189 3618 nd
202 3575 255 3632 VI,
271 3574 299 3632 5,
313 3590 338 3622 n.
352 3575 376 3620 3.
391 3578 451 3621 Haee
468 3584 504 3620 est
521 3573 595 3621 lectio
613 3589 667 3620 om·

156 3653 225 3698 nium
236 3663 261 3700 et
272 3653 328 3699 edd.
339 3665 363 3700 et
376 3653 452 3710 MSS,
463 3652 510 3698 nisi
520 3652 589 3716 qnod
599 3653 625 3698 in
636 3653 667 3699 iis

156 3730 311 3789 instructum,
327 3743 352 3778 et
365 3732 390 3778 in
402 3731 524 3795 plerisque
542 3735 604 3780 MSS
619 3749 668 3779 om·

157 3809 226 3855 nibus
251 3811 367 3858 illecebris
387 3810 483 3874 legitur.
505 3813 539 3858 Ea
560 3809 668 3858 firmatur

154 3886 291 3959 imitatione
301 3891 381 3937 Curtii
387 3891 419 3946 V,
431 3907 453 3948 1,
462 3889 478 3954 §
490 3893 536 3938 36:
546 3893 597 3937 Nec
607 3891 668 3938 ullus

155 3967 221 4011 locus
234 3967 367 4031 discipli‘ruc
378 3969 480 4016 militari
488 3969 566 4034 ringis
577 3970 666 4016 nocuit.

159 4043 225 4090 titt!
233 4045 297 4092 urbis
307 4047 357 4111 rjus
366 4048 521 4113 (Babylonis)
531 4049 664 4112 corruptius

715 2157 834 2216 moribus,
856 2173 900 2204 nec
919 2157 956 2204 ad
971 2154 1104 2202 irritandas
1124 2152 1227 2202 illicien-

715 2239 808 2303 dasquc
824 2236 966 2301 immodicas¹
981 2235 1120 2297 voluptates
1136 2231 1227 2280 instru-

715 2317 785 2364 ctius.
794 2316 901 2380 Longius
909 2315 940 2362 ab
949 2314 989 2361 illa
997 2311 1114 2360 recedunt
1121 2309 1226 2359 aliorum

715 2395 912 2452 emendationes,
930 2394 1002 2441 domo
1026 2389 1167 2446 luxuriosa,
1186 2391 1227 2438 vel

715 2474 798 2532 divite,
814 2473 922 2521 omnibus
939 2472 1093 2535 voluptatum
1109 2467 1226 2516 illecebris

716 2553 864 2602 instructum.
1169 2557 1173 2565 “

752 2649 777 2692 7.
790 2635 856 2680 Urtrrs
865 2646 909 2678 nec
921 2628 1073 2678 dominorum
1084 2625 1226 2674 invitatione

715 2712 784 2760 vinci
796 2710 895 2776 potuit,
911 2706 1068 2774 persuaderi,
1085 2705 1225 2769 permoveri

715 2791 747 2839 ed
756 2791 845 2855 largius
853 2787 1001 2844 bibendum,
1012 2783 1139 2847 compelli,
1149 2794 1178 2831 ut
1187 2800 1225 2847 ge·

715 2870 757 2917 nio
775 2869 921 2932 indulgeret.
940 2864 1031 2914 Confer
1043 2863 1086 2910 Sil.
1099 2864 1153 2919 xl,
1172 2863 1223 2909 303

715 2966 750 3013 sq.
767 2947 940 3002 Dominorum,
953 2944 1029 2991 scilic.
1041 2940 1165 2998 convivii,
1180 2957 1223 2988 seu

714 3028 795 3091 epuli,
812 3027 837 3073 h.
859 3042 880 3072 e.
901 3024 944 3088 qui
962 3022 1060 3086 epulum
1080 3019 1223 3083 praebebunt

714 3107 790 3170 (conf.
799 3105 878 3170 princ.
888 3101 965 3167 cap),
974 3112 1002 3148 nt
1011 3098 1077 3164 apud
1085 3098 1222 3146 elevatin.

717 3187 760 3244 13,
774 3184 838 3231 unde
854 3194 879 3230 et
894 3181 1003 3229 dominia
1017 3179 1095 3226 eidem
1110 3177 1137 3224 in
1150 3180 1222 3226 Verr.

714 3267 766 3322 III,
786 3273 815 3322 4,
834 3273 858 3309 et
871 3257 935 3310 Gell.
953 3264 990 3319 II,
1006 3267 1040 3313 24
1055 3274 1092 3320 pr.
1107 3257 1222 3305 convivia

714 3343 835 3390 dicuntur.
853 3341 891 3388 cf.
903 3341 969 3387 Non.
983 3337 1092 3385 Marcell.
1103 3338 1149 3393 IV,
1163 3336 1221 3384 125.

712 3423 774 3468 Mox
791 3420 842 3484 ipso
859 3417 1039 3472 valetudinem,
1054 3426 1129 3478 patre
1145 3414 1223 3461 animi

712 3514 822 3562 quoquc,
835 3508 895 3554 etc.,
908 3496 972 3555 conj.
983 3496 1058 3542 Doer.
1071 3495 1102 3539 In
1110 3494 1173 3540 MSS
1185 3505 1222 3542 eet

711 3592 798 3640 magna
814 3575 916 3621 varietas
933 3572 1054 3620 lectionis.
1070 3571 1161 3620 Nostra
1179 3571 1222 3618 de·

711 3655 782 3703 betur
799 3651 927 3701 Gronovio
944 3651 971 3698 in
989 3652 1060 3698 Obss.
1078 3652 1123 3709 IV,
1144 3658 1167 3705 t.
1186 3678 1222 3687 —

712 3736 786 3780 Patre
806 3730 882 3778 animi
901 3747 997 3794 quoqne
1016 3730 1066 3795 ejus
1087 3728 1157 3775 baud
1176 3729 1222 3776 mi-

712 3812 812 3858 rabilem
841 3809 1063 3858 interturbationem
1088 3820 1220 3865 causante,

713 3901 874 3955 praetexente,
888 3900 1024 3936 excusante.
1043 3891 1141 3934 Patrem
1157 3886 1222 3934 illius

713 3969 866 4018 excusationi
880 3970 913 4016 itu
927 3967 1097 4025 subsecuisse,
1112 3977 1139 4013 ut
1154 3965 1222 4013 ‹lice-

712 4060 762 4107 rct,
777 4065 828 4096 non
841 4048 927 4095 micum
944 4064 1011 4105 csse,
1029 4046 1048 4093 si
1061 4045 1220 4092 tentationem
