2782 4568
1104 316 1129 351 A.
1142 311 1167 352 C.
1182 314 1228 351 216.

620 340 658 405 T.
692 340 831 406 LIVII
1105 372 1227 413 nossa

197 479 290 553 quos
309 459 430 527 stricta
450 461 629 527 matutino
648 456 805 556 frigore²
824 459 1064 529 excitaverant
1083 455 1253 540 vulnera,

197 565 242 637 ab
256 566 360 636 hoste
374 569 536 664 oppressi
548 583 643 638 sunt.
654 568 838 658 Quosdam
850 582 886 638 et
896 569 1056 662 jacentes
1065 567 1164 635 vivos
1174 588 1254 649 sue·

190 676 274 746 cisis
296 673 490 746 feminibus
514 676 787 774 poplitibusque
810 681 1050 763 invenerunt,
1073 675 1255 751 nudantes
1343 678 1347 685 '

196 787 370 856 cervicem
381 786 639 884 jugulumque,
655 803 691 860 et
706 789 887 885 reliquum
901 782 1112 883 sanguinein
1124 784 1254 879 juben·

196 911 249 966 tes
267 895 423 966 haurire.
447 899 589 967 Inventi
612 914 696 969 sunt
719 898 865 994 quidam
885 897 1010 966 mersis
1028 897 1065 965 in
1088 893 1255 965 effossam

144 1039 149 1055 ·
196 1019 328 1076 terram
346 1006 544 1102 capitibus,
566 1033 658 1104 quos
679 1006 747 1078 sibi
767 1009 864 1104 ipsos
885 1003 1008 1075 fecisse
1027 1003 1164 1090 foveas,
1184 1003 1253 1075 ob-

196 1131 417 1212 ruentesque
442 1142 506 1187 ora
528 1119 730 1215 superjecta
752 1117 864 1187 humo
887 1115 1129 1184 interclusisse
1149 1115 1252 1210 spiri-

196 1241 274 1296 tum
289 1226 493 1322 apparebat.
507 1231 688 1327 Praecipue
703 1227 879 1298 convertit
893 1221 1041 1295 omnes3
1053 1222 1255 1306 substratus

196 1334 351 1409 Numida
369 1351 515 1407 mortuo
534 1337 831 1434 superincubanti
848 1341 1013 1406 Romano
1028 1335 1147 1420 vivus,
1164 1359 1254 1404 naso

196 1445 417 1542 auribusque
437 1448 617 1532 laceratis,
638 1472 772 1541 quum,
794 1445 960 1515 manibus
977 1444 1021 1514 ad
1038 1441 1255 1538 capiendum

196 1556 309 1627 telum
326 1557 534 1644 inutilibus,
553 1559 591 1625 in
607 1554 743 1626 rabiem
759 1557 810 1625 ira
821 1580 964 1642 versus,
983 1552 1153 1624 laniando
1166 1551 1253 1623 den·

196 1665 293 1737 tibus
315 1665 456 1736 hostem
475 1667 696 1761 exspirasset.

245 1779 320 1843 LII.
346 1775 475 1868 Spoliis
499 1772 544 1843 ad
565 1773 720 1843 multum
744 1773 844 1844 diei²
868 1773 985 1859 lectis,
1009 1771 1187 1843 Hannibal
1208 1772 1254 1842 ad
1301 1822 1307 1828 ,

196 1884 336 1952 minora
345 1882 447 1952 ducit
456 1898 569 1953 castra
583 1882 842 1980 oppugnanda,
853 1898 889 1954 et
901 1885 1065 1954 omnium
1078 1875 1255 1980 primum,

196 1989 344 2061 brachio
361 1986 505 2085 objecto
521 2001 548 2079 ²,
572 1990 721 2062 flumine
739 2016 800 2062 eos
821 1991 1001 2062 excludit:
1017 2007 1184 2062 caeterum
1205 1990 1252 2062 ab

197 2098 381 2188 omnibus,
399 2099 540 2188 labore,
558 2101 698 2198 vigiliis,
709 2101 920 2173 vulneribus
934 2104 1040 2172 etiam
1054 2100 1169 2190 fessis,
1184 2126 1253 2171 ma·

196 2213 311 2282 turior
322 2211 433 2308 ipsius
445 2235 508 2307 spe
523 2211 658 2283 deditio
672 2227 724 2283 est
737 2210 840 2283 facta.
851 2215 963 2298 Pacti,
978 2228 1019 2282 ut
1032 2236 1130 2282 arma
1143 2226 1253 2307 atque

199 338 267 419 ado

126 2434 129 2439 ⁴
195 2409 237 2457 dio
253 2414 338 2458 Romae
353 2422 506 2475 supereraut,
520 2413 642 2474 multaque
656 2412 700 2459 ho·

192 2489 286 2535 minum
293 2489 368 2536 millia
376 2489 498 2537 Hannibal
505 2490 536 2536 ad
545 2491 639 2538 Cannas
646 2491 701 2537 ami-

195 2579 266 2615 serat.
275 2570 320 2614 En.

229 2662 253 2692 2.
263 2646 351 2692 Stricta
360 2645 578 2711 rnasurinosagrore
586 2646 698 2701 utilitum,

195 2725 309 2772 adstricta
315 2759 322 2782 ‚
329 2735 466 2783 contracta,
475 2735 595 2771 concreta.
604 2751 636 2759 -
643 2727 701 2771 Sau-

191 2803 289 2868 guinem
298 2802 410 2859 hartrirc,·
420 2803 470 2849 vid.
476 2805 537 2862 VII,
550 2819 594 2860 10,
605 2818 631 2850 n.
641 2803 665 2849 6.

230 2884 253 2930 3.
272 2880 395 2944 Praecipue
410 2881 525 2928 conuertit
540 2898 621 2928 ornnes
634 2882 661 2928 in
676 2899 701 2928 sc

194 2973 218 3010 et
233 2961 271 3008 sui
284 2960 482 3019 admirationem,
497 2971 526 3007 ut
537 2961 638 3017 XXVI,
653 2977 700 3022 293

194 3044 295 3097 XXIX,
309 3041 356 3097 263
367 3041 453 3097 XLII,
468 3040 601 3099 493XLV,
616 3054 656 3086 ao.
667 3067 701 3075 -

192 3121 328 3167 Substratus
344 3118 453 3165 Numida
467 3117 550 3174 visus,
568 3135 642 3181 quum
658 3119 701 3165 ad·

193 3200 242 3247 hue
262 3199 333 3245 vivus
354 3209 431 3255 esset,
452 3196 499 3243 nisi
521 3196 573 3244 hoec
596 3213 646 3242 vox
669 3196 700 3242 nh

191 3278 269 3326 aliena
278 3293 350 3324 manu
362 3288 398 3324 est
407 3276 485 3322 illata:
496 3286 561 3322 certe
570 3273 639 3322 uivus
649 3290 699 3320 non

191 3358 306 3404 iuventus
315 3366 351 3402 est
360 3353 480 3410 Numida,
488 3353 545 3416 quia
554 3353 635 3400 statim
643 3353 699 3399 sub·

188 3435 314 3498 iungitur:
328 3449 402 3497 qutun
413 3431 569 3494 exspirasset,
584 3447 645 3478 naso
655 3447 699 3477 au-

190 3514 302 3576 ribusque
314 3510 419 3559 Romani
430 3510 557 3566 aceman-
569 3511 642 3556 Doer.
653 3509 701 3556 Sed

192 3593 257 3639 unde
266 3603 322 3640 tum.
329 3589 469 3648 constabat,
479 3588 611 3636 NumIdam
619 3588 700 3635 uiuum

192 3671 264 3718 fuisse
275 3670 422 3718 substratum
435 3668 565 3714 Romano?
578 3683 622 3714 nec
636 3681 700 3714 eom·

144 3774 145 3778 =
192 3750 264 3797 mode
278 3749 351 3798 verba
367 3764 428 3794 uaso
445 3747 591 3810 auribusque
603 3745 633 3793 ad
649 3749 699 3795 lto-

191 3843 300 3881 manum,
313 3827 439 3888 etreliqua
451 3825 484 3872 ad
495 3826 626 3873 Numidam
638 3825 698 3872 refe-

192 3916 288 3967 runtur.
306 3909 423 3952 Praeterea
437 3903 510 3951 Silius
519 3907 568 3961 VI,
585 3911 614 3958 [μ
627 3915 698 3966 sq..et

192 3984 271 4030 Valer.
285 3985 353 4031 Max.
365 3986 414 4040 111,
427 3999 455 4040 a,
468 3999 511 4041 11,
526 3982 636 4040 tradunt,
648 3985 698 4029 Ro-

191 4078 288 4112 manum
307 4078 375 4108 aures
394 4078 524 4124 nasumque
539 4061 651 4108 Numidae
665 4061 698 4108 la-

744 2411 834 2459 mando
848 2412 962 2460 dentibus
975 2412 1126 2476 exspirasse:
1140 2412 1253 2474 idemque

744 2491 826 2538 Livius
837 2490 959 2548 narrabit,
969 2492 1044 2538 modo
1055 2507 1103 2556 pro
1117 2490 1209 2537 hostem
1219 2506 1256 2537 re«

744 2571 855 2633 posueris
868 2570 955 2627 hostis,
972 2570 1024 2616 scil.
1037 2572 1177 2627 Romanus,
1189 2570 1252 2618 forte

745 2660 769 2695 et
778 2665 802 2711 q.
811 2665 878 2705 eum,
891 2649 917 2697 h.
927 2667 948 2696 e.
959 2649 1038 2712 quod,
1050 2665 1092 2695 seu
1101 2665 1174 2712 quum
1183 2664 1250 2706 eum,

745 2743 790 2790 pro
804 2745 885 2791 quum.
899 2730 1019 2777 Caeterum
1034 2743 1120 2775 vocem
1132 2727 1200 2774 vivres
1215 2744 1253 2774 su·

745 2817 852 2869 spectam
867 2807 947 2854 reddit
964 2806 1049 2863 Silius,
1064 2806 1109 2869 qui-
1122 2817 1253 2871 utrumque

745 2885 882 2932 exanimem
896 2886 970 2942 dicit;
985 2885 1032 2931 ulsi
1048 2885 1111 2934 sorte
1128 2885 1199 2932 vivus
1216 2896 1252 2932 est

745 2963 858 3010 inventus
872 2963 992 3021 Numida,
1002 2974 1026 3010 et
1039 2979 1097 3010 mox
1112 2965 1164 3027 ipse
1180 2965 1252 3011 etiam

745 3042 884 3105 exspiravit.
899 3069 934 3078 —
948 3041 1088 3098 qutiIibus,
1105 3041 1252 3089 detruncatis

745 3136 843 3184 nempe,
859 3120 899 3167 vel
912 3119 1042 3179 mutilatis3
1059 3121 1133 3168 Doer.
1152 3142 1186 3156 -··
1202 3123 1251 3165 La-

744 3198 835 3245 rtiaudo
862 3198 953 3246 hostem
980 3198 1139 3262 exspirasset,
1160 3199 1250 3246 laniato

743 3276 828 3336 hoste,
839 3294 914 3339 quum
927 3293 982 3324 eum
991 3278 1110 3325 laniasset.

779 3358 839 3405 Car.
853 3358 904 3404 LII.
922 3372 943 3403 r.
963 3356 1007 3403 Ad
1022 3357 1122 3405 multum
1140 3354 1204 3411 diei,
1224 3368 1252 3403 ut

744 3436 846 3492 XXIII,
859 3450 901 3494 27,
913 3451 940 3483 n.
952 3435 982 3493 3,
1000 3446 1024 3482 et
1042 3435 1067 3482 in
1085 3434 1185 3482 multum
1203 3434 1252 3482 diet

744 3514 857 3569 XXVII,
868 3528 899 3569 a,
913 3529 938 3560 u.
950 3513 982 3571 53
998 3514 1076 3567 mrdta
1094 3514 1145 3561 dies
1161 3525 1185 3561 et
1200 3531 1262 3560 nox·

744 3593 796 3649 111,
810 3592 858 3648 60,
875 3601 899 3637 et
915 3593 1029 3650 XXXV,
1047 3600 1081 3655 43
1102 3594 1139 3640 ad
1152 3593 1251 3643 multum

743 3670 807 3716 diem
816 3668 883 3733 apud
896 3670 974 3717 Cicer.
986 3671 1016 3718 ad
1029 3675 1082 3720 Att.
1091 3674 1167 3727 XIII,
1182 3686 1206 3730 9.

779 3764 803 3794 a.
818 3748 923 3796 Braelrio
936 3750 1028 3815 objecto
1044 3750 1111 3816 (ride
1123 3749 1155 3796 ad
1166 3751 1210 3807 IV,
1221 3765 1251 3811 9,

742 3843 767 3872 n.
778 3826 803 3890 8)
809 3861 816 3884 ‚
818 3826 925 3894 flumine
938 3845 978 3875 eos
990 3828 1112 3885 excludit,
1127 3839 1154 3876 ut
1169 3844 1190 3874 c.
1203 3828 1251 3889 59,

743 3922 810 3968 aqua
826 3905 868 3969 (et
888 3907 1034 3972 aquatione)
1054 3922 1150 3963 arcere,
1169 3908 1208 3953 vel
1224 3919 1252 3953 ut
1332 3919 1336 3926 ·

743 3984 900 4031 intercludere
910 3989 921 4032 I
930 4020 936 4042 ,
946 4002 993 4045 ²73
1005 3988 1053 4044 III,
1067 4002 1112 4045 70;
1124 3989 1168 4043 IV,
1180 3987 1211 4046 39
1219 3986 1250 4032 al.

743 4074 766 4111 et
778 4075 887 4111 nostrum
897 4064 1065 4112 assctneiden.
1076 4094 1110 4100 —-
1122 4065 1193 4112 Paeti
1201 4067 1251 4110 no-
