2782 4568
127 324 130 331 ·
197 289 321 390 alat:
346 310 430 377 mn
453 308 580 376 xxiv.
605 306 700 375 car.
720 304 897 375 xxxvu.
919 309 1113 378 xxxuu.
1161 310 1232 406 447

171 443 338 527 agerent,
352 428 544 498 vindictam
560 427 717 524 aliquam
733 426 907 498 libertatis
922 451 993 498 suae
1008 431 1230 524 quaesituros.

172 543 264 611 Tum
279 540 440 610 Pinarius
451 566 459 608 ε
470 555 511 608 at
521 536 586 624 illi,
601 545 635 607 si
646 538 700 608 ad
714 536 894 608 consulem
905 555 1142 634 gravarentur
1153 548 1233 612 mit·

171 666 260 738 tere,
274 651 346 722 sibi
355 649 481 720 saltem
495 650 625 720 darent
629 649 765 746 populi
776 648 964 719 concilium
974 662 1008 718 9:
1020 664 1061 719 ut
1070 656 1231 739 sciretur,

171 777 290 831 utrum
297 782 504 858 paucorum
518 785 563 829 ea
584 759 810 847 denuntiata,
830 786 879 829 an
901 766 1073 830 universca
1087 766 1234 830 civitatis

170 887 294 968 essent.
309 876 498 943 Consensu
510 870 751 965 inposterum
769 868 865 965 diem
882 871 1009 940 concio
1028 869 1191 941 edicitur.

215 986 408 1056 XXXVIII.
427 971 622 1078 Postquam
635 980 681 1052 ab
697 1006 741 1052 eo
756 981 939 1079 colloquio
959 982 1135 1084 in-arcem
1155 1007 1232 1054 sese

168 1095 319 1190 recepit,
332 1092 536 1163 convocatis
549 1090 758 1180 militibus1,
768 1121 785 1156 «
800 1091 917 1163 Credo
928 1117 994 1189 ego
1003 1117 1067 1162 vos
1077 1092 1230 1184 audisse,
1268 1166 1270 1171 ,

169 1231 186 1267 a
199 1203 351 1290 milites,
367 1203 504 1298 inquit,
519 1201 827 1298 quemadmodum
846 1202 1008 1300 praesidia
1021 1227 1171 1273 romana
1185 1203 1231 1291 ab
1327 1213 1334 1221 ’

94 1340 96 1344 ·
169 1342 186 1378 a
200 1314 327 1384 Siculis
337 1314 578 1382 circumventa
587 1326 623 1383 et
633 1337 803 1410 oppressa
816 1313 887 1383 sint
896 1337 961 1410 per
971 1312 1038 1382 hos
1049 1312 1135 1383 dies.
1144 1317 1232 1382 Eam

168 1445 261 1492 «vos
278 1419 462 1510 fraudem,
482 1421 590 1492 deum
609 1422 726 1518 primo
747 1421 991 1520 benignitate,
1013 1421 1097 1493 dein
1116 1416 1233 1493 vestra

91 1523 93 1527 ⁴
169 1561 186 1596 a
199 1531 268 1628 ipsi
277 1531 421 1617 virtute,
431 1529 507 1599 dies
520 1545 719 1627 noctesque
729 1530 925 1629 perstando
936 1556 975 1601 ac
985 1531 1231 1629 pervigilando

167 1640 236 1709 «in
252 1641 376 1726 armis,
394 1639 541 1708 vitastis.
558 1641 706 1708 Utinam
721 1641 903 1737 reliquum
923 1656 1065 1739 tempus
1085 1666 1153 1710 nec
1169 1667 1233 1740 pa·

169 1780 186 1816 a
200 1744 325 1822 tiendo
337 1747 499 1837 infanda,
510 1771 577 1836 nec
591 1745 773 1835 faciendo,
783 1748 924 1819 traduci
937 1748 1063 1847 possit!
1078 1754 1161 1821 Haec
1176 1776 1233 1822 oc·

167 1889 184 1925 a
198 1861 294 1932 culta
306 1861 344 1930 in
361 1857 488 1929 fraude
502 1858 621 1927 cautio
640 1870 709 1944 est,
727 1881 799 1952 qua
812 1859 868 1954 usi
887 1857 1005 1928 adhue
1019 1883 1142 1930 sumus
1154 1887 1161 1929 :
1173 1862 1232 1931 cui
1330 1940 1336 1948 ἱ

168 1970 372 2066 «quoniam
386 1991 514 2066 parum
529 1965 706 2052 succedit,
719 1979 843 2063 aperte
858 1991 898 2037 ac
915 1968 1101 2066 propalam
1116 1970 1231 2042 claves

143 2102 145 2106 ·
167 2109 184 2145 α
201 2095 388 2178 portarum
406 2091 621 2177 reposcunt3
638 2100 729 2173 quas
744 2077 849 2146 simul
865 2077 1136 2168 tradiderimus,
1150 2086 1231 2152 Car-

167 2220 184 2256 «
198 2191 475 2288 thaginiensium
495 2186 675 2284 extemplo
695 2191 823 2257 Henna
841 2185 1152 2287 erit,foediusque
1171 2189 1231 2262 bic

166 2296 476 2390 «trucidabimur,
497 2325 607 2397 quam
622 2297 833 2394 Murgantiae
855 2296 1229 2392 praesidiuminterfe·

166 2441 183 2475 «
197 2426 294 2482 ctum
309 2427 373 2483 est.
383 2416 536 2484 Noctem
549 2433 660 2480 unam
674 2432 766 2504 aegre
782 2405 827 2476 ad
842 2405 1120 2477 consultandum
1135 2434 1229 2480 sum-

165 2549 183 2584 «
196 2523 269 2618 psi,
279 2546 351 2616 qua
359 2522 608 2592 vosce'rtiores
621 2517 773 2617 periculi
786 2517 951 2588 instantis
962 2515 1126 2589 facerem.
1140 2523 1230 2590 Orta
1244 2519 1245 2522 ’
1272 2539 1274 2543 ’

167 2660 183 2694 κ
196 2631 276 2700 luce
297 2632 509 2727 concionem
529 2629 690 2700 babituri
712 2641 795 2698 sunt
816 2628 862 2699 ad
885 2628 1148 2700 criminandum
1170 2655 1229 2702 me

166 2739 527 2835 «concitandumque
552 2741 592 2808 in
613 2763 676 2809 vos
701 2738 891 2835 populum.
919 2745 1045 2837 Itaque
1073 2742 1228 2813 crastino

165 2953 199 2985 sc.
216 2953 254 2985 res
269 2953 311 2985 seu
322 2937 356 2985 id.
371 2963 405 2974 -
417 2937 460 2985 1111·
470 2952 530 2984 vero
545 2949 636 3000 negare
649 2950 675 2982 se
719 2931 805 2979 eodem
813 2931 888 2980 modo
900 2949 972 2997 supra
982 2933 1028 2982 lib.
1039 2937 1065 2993 1,
1080 2935 1112 2982 32
1124 2951 1130 2984 :
1141 2936 1228 2984 bellum

73 3070 75 3074 μ
164 3015 291 3074 missuros,
302 3016 354 3064 scil.
365 3014 671 3080 legatos-Vindictam,
718 3021 931 3061 crocconsensum.
945 3011 990 3060 En.

163 3095 286 3156 vindices,
299 3098 395 3144 Poenos.
410 3121 445 3132 -
462 3100 498 3142 At
511 3094 548 3143 illi
551 3112 562 3152 ;
575 3093 674 3142 vidend
752 3089 813 3137 Car.
824 3091 972 3137 XXXVIII.
983 3106 1004 3139 1.
1019 3090 1158 3140 Convocatis
1168 3091 1229 3141 mili·

163 3175 188 3233 1,
200 3178 232 3223 28
241 3211 248 3234 ,
257 3172 286 3224 n.'
293 3174 402 3238 6.Vulgo
413 3173 450 3221 ait
458 3172 514 3222 illis.
717 3168 787 3216 tibus.
802 3167 916 3217 Creverio
927 3169 1041 3232 displicet
1052 3185 1103 3217 vox
1114 3168 1227 3219 militibus

158 3296 160 3303 ¹
199 3261 223 3308 9.
237 3246 288 3294 Sibi
299 3246 385 3294 saltem
398 3245 487 3292 dorent
493 3242 582 3308 populi
593 3243 673 3291 corici·
716 3259 765 3296 tam
777 3248 857 3296 vicina
866 3253 902 3317 τῷ
914 3247 1010 3304 militen
1020 3264 1105 3311 magna
1113 3260 1231 3312 praeterea

141 3368 142 3371 ,
164 3321 672 3386 lium;v.v111,5,n.1.Vu1g.c0nsiliam;
716 3329 864 3392 scriptorum
885 3343 970 3374 manus
993 3328 1092 3391 praefert
1113 3327 1229 3376 mendose

162 3401 215 3450 rid.
225 3405 249 3461 1,
260 3404 304 3462 54,
317 3421 342 3451 n.
357 3421 379 3452 1.
388 3430 423 3455 -,-
432 3403 472 3449 Ea
485 3401 673 3459 denuntydieta
717 3407 858 3455 convocatio
871 3407 956 3470 quibus
962 3425 973 3464 ‚·
984 3408 1078 3456 Victor.
1093 3407 1230 3455 convocatis

163 3481 370 3543 etminaaConf.
383 3482 415 3530 ad
430 3483 480 3539 111,
496 3481 543 3553 36,
560 3482 620 3528 no.
638 3509 673 3518 -—
716 3486 795 3534 sociis.
818 3486 998 3535 Crediderimus
1021 3503 1076 3535 cum
1100 3487 1229 3534 Gronovio

164 3558 284 3607 Comensu
293 3560 448 3625 inposterum
456 3561 519 3609 diem
530 3560 613 3608 concio
622 3561 673 3607 edi·
716 3563 765 3627 legi
784 3581 856 3628 posse
873 3567 1009 3614 convocatis
1028 3567 1089 3622 suis,
1107 3581 1161 3628 quae
1175 3564 1230 3612 ulti-

163 3637 237 3694 citur,
246 3641 359 3710 ,omnium
372 3640 501 3704 suffragib.
513 3639 585 3688 conf.
599 3639 631 3687 ad
644 3643 670 3700 1,
716 3659 755 3690 ma
765 3659 815 3692 vox
827 3645 855 3691 in
869 3644 939 3691 sociis
949 3655 1039 3692 mutata
1051 3645 1132 3692 luerit.
1142 3645 1186 3690 Eo.
1194 3671 1229 3680 ·-

163 3718 209 3776 33,
221 3734 247 3766 n.
262 3725 305 3776 143
317 3719 367 3776 III,
377 3720 423 3778 38,
436 3737 461 3777 ῃ.
472 3722 500 3779 8;
510 3721 613 3779 XXXI,
623 3728 669 3782 49,
715 3724 775 3769 Haec
783 3724 878 3770 occulta
888 3724 1011 3788 infraude
1020 3725 1101 3771 cautio
1112 3735 1159 3781 est,
1169 3734 1230 3785 etc,

112 3786 114 3791 ¹
162 3813 187 3845 n.
199 3797 223 3845 5.
234 3796 356 3845 Consensa
366 3799 430 3858 conj.
440 3799 517 3846 Gron.
528 3816 600 3863 quem
613 3800 670 3848 vide
714 3801 764 3858 ito,
777 3812 805 3849 ut
822 3802 889 3860 dlxi,
908 3804 1015 3850 cavimus
1037 3803 1135 3866 quidem
1155 3802 1229 3850 nobis

153 3877 194 3924 ad
202 3879 253 3935 IX,
266 3893 289 3936 7.
301 3904 336 3913 —
344 3879 434 3924 Omnes
446 3879 530 3942 scripti
543 3891 625 3926 carent
633 3880 670 3926 ul·
691 3911 692 3914 =
715 3880 794 3928 adhuc
805 3898 819 3927 a
830 3881 984 3944 prodltI0ne3
996 3882 1164 3945 sedquoniam
1175 3881 1226 3938 cni,

162 3955 221 4002 tima
237 3971 299 4003 voce
319 3955 422 4003 edicitur
427 3973 438 4011 ;
454 3972 527 4019 quare
547 3974 597 4004 non
616 3960 671 4020 reji·
710 3976 750 4023 ¹sc.
759 3960 861 4007 occultae
873 3960 951 4022 fraudi
956 3977 1047 4022 parum
1055 3961 1169 4017 succedit,
1181 3971 1228 4009 etc.

166 4032 253 4081 cienda
264 4033 361 4081 vIdetur
377 4035 499 4082 Gronorii
516 4038 672 4096 conjectura:
717 4039 789 4089 Conf.
802 4038 833 4086 ad
842 4039 917 4097 ΙἱῙΙΙΙ,
934 4040 980 4096 25,
996 4055 1022 4087 u.
1035 4041 1109 4086 6.--
1129 4040 1228 4086 Noctem
