2782 4568
199 277 321 386 33:332:
412 298 574 377 arnna
599 298 703 364 xxi.
730 297 835 366 car.
858 298 899 365 v.
923 300 990 367 vt.
1189 301 1231 373 ,5

172 420 293 512 fuere3
306 423 436 492 invicta
453 421 566 507 acies,
584 421 614 488 si
635 443 740 514 aequo
758 418 989 491 dimicaretur
1005 444 1144 519 campo.
1164 428 1232 495 lta·

172 554 244 624 que
257 546 294 602 et
305 532 453 628 ingenio
469 528 628 618 seroces,
646 544 682 600 et
698 528 930 608 multitudine
946 527 1045 617 freti,
1060 545 1114 618 et,
1131 534 1233 629 quod

171 654 272 710 metu
289 641 436 711 cessisse
455 637 652 711 credebant
666 636 825 728 hostem,
842 639 880 709 id
897 640 1030 711 morari
1047 641 1232 714 victoriam

169 750 254 837 rati,
268 748 371 846 quod
387 751 576 821 interesset
591 749 726 838 amnis,
744 747 899 819 clamore
918 747 1081 838 sublato,
1100 753 1232 848 passim

170 859 246 928 sine
270 859 378 931 ullius
402 861 573 957 imperio,
602 883 675 956 qua
701 859 834 954 cuique
864 859 1069 954 proximum
1092 874 1164 948 est,
1194 863 1232 933 in

169 993 312 1051 amnem
325 985 448 1043 ruunt.
466 976 510 1042 Et
523 995 569 1041 ex
583 984 685 1067 parte
699 969 810 1039 altera
823 969 909 1063 ripae
922 969 975 1038 vis
990 969 1117 1064 ingens
1132 973 1232 1068 equi·

168 1093 247 1149 tum
272 1082 310 1150 in
336 1079 474 1153 flumen
494 1080 676 1165 immissa,
699 1076 894 1172 medioque
918 1075 1020 1149 alveo
1042 1077 1232 1176 haudqua

169 1213 277 1285 quam
301 1192 380 1288 pari
398 1192 594 1263 certamine
614 1210 858 1274 concursum;
881 1188 1016 1284 quippe
1039 1187 1103 1258 ubi
1121 1191 1232 1286 pedes

167 1296 343 1371 instabilis
356 1311 402 1388 ¹⁰,
417 1324 458 1369 ac
478 1298 537 1367 vix
550 1296 643 1369 vado
662 1295 794 1383 fidens,
809 1296 866 1367 vel
882 1295 928 1367 ab
942 1298 1073 1368 inermi
1091 1301 1230 1396 equite,

167 1430 264 1504 equo
286 1423 423 1480 temere
446 1422 547 1496 acto,
573 1407 730 1504 perverti
755 1421 897 1505 posset;
923 1431 1055 1503 eques,
1077 1432 1230 1506 corpore

165 1519 350 1613 armisque
370 1516 482 1606 liber,
499 1542 595 1614 equo
612 1517 669 1588 vel
683 1541 748 1614 per
765 1516 902 1588 medios
918 1518 1075 1614 gurgites
1093 1517 1229 1609 stabili,

163 1629 334 1698 cominus
349 1629 561 1724 eminusque
577 1651 654 1698 rem
671 1643 821 1724 gereret.
838 1632 922 1698 Pars
936 1651 1065 1724 magna
1079 1626 1230 1701 flumine

163 1721 357 1834 absumpta
375 1765 384 1807 :
405 1737 568 1833 quidam,
591 1738 771 1808 vorticoso
791 1738 889 1807 amni
907 1736 1016 1808 delati
1032 1739 1070 1807 in
1086 1738 1228 1827 hostes,

165 1840 211 1911 ab
223 1842 423 1941 elephantis
437 1844 563 1914 obtriti
573 1860 679 1917 sunt:
695 1847 885 1942 postremi,
900 1845 1034 1941 quibus
1045 1872 1228 1945 regressus

165 1954 319 2024 insuam
334 1955 449 2051 ripam
467 1955 580 2024 tutior
593 1952 679 2042 fuit,
694 1979 738 2026 ex
751 1954 847 2024 varia
859 1956 1098 2052 trepidatione
1114 1984 1228 2055 quum

165 2064 204 2131 in
223 2088 341 2134 unum
366 2064 646 2162 colligerentur,
674 2064 885 2161 priusquam
905 2089 950 2133 ex
973 2079 1076 2135 tanto
1095 2090 1229 2161 pavore

164 2174 368 2270 reciperent
386 2176 544 2262 animos,
568 2173 763 2260 Hannibal,
790 2174 932 2270 agmine
951 2173 1128 2270 quadrato
1149 2201 1226 2246 am-

164 2307 250 2353 nem
276 2285 480 2380 ingressus,
516 2281 638 2381 fugam
663 2309 708 2355 ex
732 2283 810 2379 ripa
836 2279 981 2371 lecit¹¹;
1009 2285 1226 2383 vastatisque

164 2395 274 2489 agris,
297 2394 392 2464 intra
410 2419 544 2493 paucos
563 2394 639 2466 dies
656 2398 878 2491 Carpetanos
899 2417 1047 2489 quoque
1066 2394 1104 2463 in
1125 2394 1226 2467 dedi·

164 2505 301 2576 tionem
321 2507 470 2603 accepit.
492 2509 536 2575 Et
552 2505 623 2598 jam
647 2505 768 2576 omnia
789 2518 886 2598 trans
911 2501 1076 2594 Iberum,
1095 2522 1226 2602 prater

164 2617 397 2710 Seguntium,
418 2614 767 2713 Carthaginiensium
787 2628 900 2686 erant.

211 2729 271 2795 VI.
286 2730 378 2796 Cum
395 2726 601 2823 Saguntinis
611 2724 750 2795 bellum
761 2722 926 2794 nondum
939 2738 1015 2794 erat
1030 2751 1038 2792 :
1056 2739 1224 2796 caeterum

163 2833 237 2926 jam
252 2832 338 2905 belli
355 2860 459 2908 causa
479 2836 674 2925 certamina
687 2858 771 2906 cum
789 2832 951 2906 finitimis
970 2833 1184 2908 serebantur
1198 2848 1225 2923 ¹,

164 3016 672 3082 conferendusesa-Cumappendicibuss
715 3016 1225 3082 VIII,9ext.cod.sensuacfiagamcapere.

163 3096 219 3144 vide
229 3095 262 3144 ad
274 3099 326 3157 IX,
340 3106 383 3157 ιι,
397 3115 422 3146 ιι.
436 3114 461 3160 9„
752 3097 813 3146 Car.
829 3096 874 3143 VI.
891 3111 913 3142 1.
930 3094 1070 3143 certamina
1083 3095 1226 3162 cumfinin'·

200 3190 238 3222 ιο.
249 3175 326 3223 Pedes
335 3175 453 3224 instabilis
463 3175 603 3241 (utcontra
613 3189 672 3221 mox
715 3175 759 3222 mis
766 3173 962 3237 Saguntinorum,
970 3185 995 3221 et
1001 3173 1066 3220 inter
1071 3174 1117 3220 hos
1123 3174 1227 3237 illosque

162 3269 223 3316 equo
232 3253 343 3318 stabili),
355 3257 400 3318 qui
413 3255 499 3320 pedem
512 3253 614 3302 firmiter
626 3268 671 3316 po·
714 3253 856 3300 serebantur
868 3251 899 3298 ab
916 3250 1067 3310 Hannibale,
1083 3263 1164 3298 satore
1179 3252 1227 3300 litis

164 3347 219 3380 nere
227 3335 325 3397 nequit,
332 3335 460 3391 vacillans,
470 3347 494 3382 ct
503 3331 673 3381 adlabentium
716 3330 811 3395 (confer
819 3328 851 3375 ad
859 3330 912 3385 111,
925 3344 965 3390 19,
972 3345 997 3375 ιι.
1007 3327 1045 3392 7),
1054 3329 1162 3376 maainie
1170 3346 1226 3378 cum

163 3413 385 3478 procliris...equo
392 3425 479 3461 temere
485 3425 550 3469 acto,
557 3427 673 3476 quocum·
720 3407 863 3455 Turdetanis
872 3425 883 3463 ;
899 3407 984 3454 confer
996 3408 1095 3468 XXIV,
1113 3416 1145 3463 ta
1164 3421 1226 3458 extr.

161 3507 208 3553 quc
226 3494 301 3541 ferret
317 3494 439 3558 impetus,
455 3492 561 3557 perverti
574 3503 672 3555 possen
719 3486 853 3534 Turdetani
873 3485 991 3532 maximus
1012 3485 1123 3547 quidem,
1141 3488 1227 3539 sedet

162 3570 234 3619 Doer,
248 3573 342 3620 Confer
352 3573 386 3620 ad
396 3576 434 3631 II,
451 3572 497 3632 46,
511 3588 536 3618 n.
551 3572 574 3619 3.
716 3567 821 3614 maxime
829 3565 934 3613 imbellis
945 3564 1070 3627 Hispania
1078 3566 1227 3634 Baticaepo-

197 3666 237 3700 11.
248 3652 378 3700 Hannibal
386 3650 485 3716 agmine
498 3649 621 3714 quadrato
630 3648 670 3713 (v.
716 3646 789 3710 pulus
807 3645 880 3712 (vide
899 3643 1022 3701 XXXIV,
1040 3646 1100 3704 17),
1114 3657 1138 3694 et
1150 3647 1226 3696 iidem

160 3728 190 3775 ad
203 3731 243 3789 11,
254 3731 285 3789 6,
297 3747 323 3776 ιι.
338 3729 369 3795 3)
383 3745 495 3784 amnem,
510 3730 617 3790 Tagum,
635 3727 671 3774 in·
716 3726 759 3788 qui
774 3725 876 3772 Turduli
892 3723 1019 3779 dicuntur,
1033 3721 1161 3784 XXVIII,
1178 3729 1224 3791 393

156 3822 250 3868 gressus
260 3808 353 3874 fugam
369 3825 404 3854 ex
423 3807 479 3870 ripa
484 3805 561 3871 fecit,
578 3807 671 3870 coegit,
716 3804 839 3859 XXXIV,
852 3818 892 3861 17,
906 3816 948 3847 ao.
960 3799 1077 3863 Polybius
1090 3813 1171 3851 tamem
1184 3806 1225 3870 (v,

159 3896 186 3931 ut
193 3903 223 3933 ex
232 3889 286 3951 ripa
293 3889 418 3952 fugerent3
429 3889 505 3934 Doer.
515 3887 578 3934 Num
580 3883 671 3948 fugam
716 3881 795 3930 Strab.
811 3883 863 3939 III,
877 3895 931 3943 pag.
950 3880 998 3939 139
1006 3879 1030 3944 ),
1042 3890 1067 3928 et
1079 3881 1121 3928 ulii
1133 3899 1176 3931 cos
1188 3885 1226 3933 di·

150 3964 250 4030 facere,
264 3967 341 4017 scilic.
348 3966 435 4023 alicui,
445 3978 495 4024 est,
507 3981 563 4013 eum
573 3965 668 4026 fugare:
716 3962 856 4024 stinguuut,
868 3969 893 4006 et
904 3957 960 4004 illos
972 3957 1037 4005 inter
1048 3960 1127 4006 Anam
1137 3973 1162 4008 ct
1173 3964 1226 4011 Bae-

158 4055 183 4093 at
188 4044 280 4112 fugam
289 4044 358 4111 facit
371 4044 476 4108 aliquis,
493 4043 535 4106 qui
554 4043 627 4106 fugit,
643 4052 670 4088 ut
715 4039 824 4099 tin,l10s
842 4052 913 4102 supra
928 4052 970 4084 eos
988 4036 1019 4086 ad
1032 4049 1159 4103 utramque
1173 4042 1226 4090 Bae.
