2782 4568
181 252 306 361 sset
394 277 551 345 lason
575 278 683 345 xxr.
711 279 818 345 err.
846 276 970 343 xxx.
1167 267 1213 366 59

157 394 335 479 bentibus,
351 394 488 466 domita
506 403 611 467 etiam
629 397 911 493 ipsiusfluminis
928 399 985 479 vi,
1006 392 1211 483 trajectum,

160 511 196 574 in
218 521 407 602 conspectu
426 505 539 603 Alpes
559 506 738 591 habeant,
764 531 918 603 quarum
943 500 1096 572 alterum
1122 500 1215 570 latus

160 613 280 684 ltaliee
298 620 344 685 sit
357 610 393 702 ⁵,·
415 621 451 685 in
473 622 556 712 ipsis
568 624 685 712 portis
709 619 862 687 bostium
875 611 1076 710 ⁶satigatos
1098 611 1214 681 subsi-

119 784 123 797 .
159 739 273 795 stere:
290 726 384 822 quid
399 724 509 823 Aloes
530 726 636 796 aliud
658 752 733 797 esse
754 725 949 806 credentes,
976 747 1088 818 quam
1113 745 1213 789 mon·

159 840 247 903 tuem
273 834 509 905 altitudines?
536 841 723 932 Flagerent
748 834 890 904 altiores
918 838 1085 926 Pyrenaei
1102 830 1215 924 jugis.

162 944 295 1016 Nullas
306 947 467 1041 projecto
486 962 597 1016 terras
614 945 741 1015 caelum
757 948 975 1037 contingere,
995 966 1060 1009 nec
1076 944 1218 1007 inexsu-

157 1053 334 1151 perabiles
348 1055 510 1126 bumana
521 1062 645 1151 generi
655 1078 740 1124 esse.
754 1053 864 1149 Alpes
878 1050 1022 1147 quidem
1041 1049 1216 1128 babituri,

165 1162 248 1247 coli,
267 1171 412 1260 gignere
435 1182 545 1260 atque
571 1163 668 1232 alere
690 1169 901 1232 animantes.
927 1166 1071 1230 Pervias
1090 1162 1220 1255 paucis

164 1283 282 1355 esse73
304 1274 517 1344 exercitibus
540 1275 684 1342 invias?
708 1278 784 1343 Eos
809 1278 923 1369 ipsos,
947 1295 1038 1368 qaas
1057 1283 1220 1351 cernant,

163 1378 296 1478 legatos
313 1408 387 1453 non
399 1388 530 1479 pennis
548 1385 697 1453 sublime
712 1383 825 1452 elatas
839 1381 952 1479 Alpes
967 1399 1220 1473 transgressos:

158 1517 213 1562 ne
242 1495 397 1586 majores
426 1494 572 1591 quidem
596 1519 721 1564 eorum
746 1494 957 1590 indigenas,
981 1492 1046 1561 secl
1066 1491 1224 1560 adornas

165 1605 287 1672 Italiae
302 1602 451 1675 cultores
462 1605 530 1674 lias
546 1609 644 1701 ipsas
658 1603 771 1700 Alpes
786 1601 986 1698 ingentibus
1001 1625 1096 1695 saepe
1111 1602 1223 1693 agmi-

81 1803 84 1806 ‚
164 1711 272 1782 nibus
288 1737 368 1782 cum
390 1713 507 1783 liberis
526 1739 571 1784 ac
593 1712 818 1809 conjugibus,
839 1712 1065 1808 migrantium
1089 1704 1221 1791 modo,
1307 1728 1310 1732 ·

165 1835 242 1892 tuto
261 1828 503 1892 transmisisse.
525 1823 634 1893 Militi
648 1823 792 1919 quidem
813 1836 971 1902 armato,
993 1817 1089 1888 nibil
1104 1841 1224 1888 secum

160 1946 296 2026 praeter
316 1937 546 2004 instrumenta
572 1932 659 2003 belli
675 1939 857 2031 portanti,
885 1931 977 2028 quid
1001 1934 1133 1999 invium
1159 1940 1227 1996 aut

168 2041 456 2135 inexsuperabile
469 2045 564 2112 esse?
577 2049 777 2139 Saguntum
791 2058 831 2112 ut
843 2056 1041 2138 caperetur,
1059 2037 1150 2134 quid
1158 2059 1229 2131 per

168 2165 245 2220 octo
270 2177 407 2223 menses
423 2153 597 2249 periculi,
622 2153 711 2252 quid
732 2153 866 2224 laboris
890 2151 1105 2223 eabausturn
1125 2149 1227 2218 csse?

168 2351 318 2400 intenderent
328 2354 387 2412 iter;
398 2355 454 2403 vide
465 2356 496 2404 ad
504 2358 548 2414 IV,
561 2371 601 2419 19,
610 2373 636 2403 n.
653 2372 674 2404 r.
720 2356 812 2420 legatos
824 2355 942 2404 Boiorum
954 2353 1024 2416 (virle
1036 2369 1087 2417 cap.
1103 2367 1137 2414 ²9
1149 2348 1229 2415 extr.)

204 2431 228 2477 5.
243 2432 351 2493 Quarum
361 2433 490 2500 (Alpium)
499 2437 601 2482 alterum
613 2436 676 2482 latus
722 2436 794 2498 Alpes
804 2447 969 2498 transgressos.
981 2433 1079 2480 Easdem
1091 2448 1149 2479 vero
1160 2445 1229 2478 euer-

170 2509 302 2568 Italisesit,
315 2512 367 2559 scil.
380 2514 454 2571 latus,
466 2515 517 2560 slve
527 2531 582 2577 pars
595 2515 639 2571 sit,
653 2525 677 2561 et
720 2514 805 2561 ritibus
822 2513 898 2560 invias
918 2513 1070 2560 aisement
1088 2509 1231 2575 Respondet

169 2586 202 2636 ad
212 2605 263 2635 eam
276 2593 406 2654 pertineat.
421 2603 447 2639 ut
457 2609 509 2655 cap.
526 2601 567 2654 49.
581 2595 675 2648 Nares,
721 2604 824 2641 orator:
846 2593 971 2640 Gallorum
986 2592 1093 2657 ingentia
1105 2606 1169 2654 serpe
1186 2604 1231 2652 ag»

172 2666 237 2728 cujm
255 2667 301 2728 ipsi
312 2670 393 2716 classis
408 2682 500 2726 essent,·
515 2673 592 2717 Grou.
608 2670 678 2716 Sluu'·

172 2741 228 2789 liter
242 2747 362 2805 IIIIVIII,
377 2751 390 2793 8
402 2783 409 2805 ‚
420 2748 488 2811 qnod
497 2749 678 2811 suorumfur'sse

165 2822 258 2890 finium
264 2825 321 2876 satis
326 2829 481 2890 probabaut‚·
490 2827 678 2884 xxxv11,.55‚

173 2917 203 2948 ea
213 2902 314 2951 civitatis
327 2905 475 2952 lllrodiorrun
490 2917 567 2952 essent
579 2905 609 2967 (ei
623 2905 679 2951 sub·

168 2982 233 3043 J'ecta
244 2996 331 3040 essent,
341 3002 381 3032 seu
395 2981 531 3049 parerent);
547 2985 623 3040 m,
640 2999 649 3028 1
659 3000 679 3041 1,

171 3077 197 3108 n.
210 3063 240 3118 8,
254 3073 278 3110 et
291 3065 379 3121 xxu,
390 3080 423 3110 20
438 3080 476 3128 pr.
492 3065 566 3108 Terra
577 3061 679 3108 bostium

171 3152 238 3195 erat,
255 3141 286 3188 ab
301 3142 330 3188 iis
339 3153 458 3206 occupata
467 3158 473 3197 ;
483 3143 574 3192 xxn.
587 3156 620 3186 uo
630 3151 679 3186 ext.

169 3219 268 3270 ditionis
282 3219 420 3284 imperiique
431 3219 528 3268 romani
536 3218 604 3283 facti
611 3230 680 3274 sunt,·

172 3297 678 3362 xx11‚54,n.o;xx111,35‚n.1,

172 3375 318 3422 llarrnibalis
338 3377 453 3439 Apuliam
466 3377 573 3441 jactam.
589 3374 680 3422 Confer

172 3455 366 3514 xxl11,27,n.
383 3456 680 3517 s;a‹1111,36‚n.r,‚et

171 3533 224 3590 111,
233 3534 280 3589 62,
291 3551 316 3579 n.
332 3533 355 3579 5.

207 3613 233 3659 6.
243 3616 273 3658 ln
285 3611 341 3674 ipsis
346 3611 426 3674 portis
435 3611 551 3666 bostiam,
563 3611 589 3657 in
598 3611 679 3669 aditu,

171 3706 214 3738 seu
227 3690 319 3738 finibus
334 3691 425 3747 hallae,
444 3701 513 3736 Ierrae
529 3689 638 3746 hostIIis,
654 3702 681 3737 ut

722 2672 788 2719 mina
808 2673 878 2734 Alpes
891 2684 942 2719 tuto
957 2672 1113 2719 transmisisse
1130 2667 1232 2729 (confer

722 2753 754 2808 V,
768 2754 813 2809 34,
824 2751 880 2816 35),
894 2762 918 2798 et
927 2751 999 2798 militi
1015 2761 1111 2798 armato
1125 2747 1187 2795 nillil
1198 2746 1232 2793 in·

724 2829 797 2885 viarm,
810 2841 854 2875 aut
866 2830 1032 2894 exuperabile
1042 2846 1099 2877 esse.
1117 2830 1232 2875 Oratore

723 2909 811 2955 minori
821 2908 852 2955 nd
862 2911 938 2968 majus
945 2909 1111 2974 progreditur,
1119 2919 1141 2953 et
1150 2905 1233 2963 (lubia,

723 2987 788 3033 nude
800 2988 893 3051 posita,
905 2989 1022 3052 exemplis
1034 2987 1130 3033 refutat.
1144 2985 1233 3030 Orato-

724 3071 757 3112 ria
767 3077 846 3112 autem
857 3067 893 3111 vis
904 3079 926 3112 et
937 3068 1038 3114 affectus
1049 3075 1150 3126 rugetur
1162 3062 1233 3108 inter·

724 3145 863 3205 rogotIone,
879 3145 1056 3206 minuiturque,
1065 3143 1084 3187 sl
1097 3157 1127 3186 ex
1137 3140 1232 3188 emend.

725 3221 818 3268 Stroth.
828 3221 913 3283 legeris
920 3218 1177 3285 perviaspaucisesse,
1190 3234 1234 3264 nec

723 3297 865 3345 exercitibus
883 3299 966 3346 invias.
981 3300 1039 3343 Vox
1060 3308 1138 3343 tamen
1157 3295 1233 3343 incias

723 3377 828 3440 primum
842 3375 933 3435 objecta
954 3377 978 3421 in
996 3377 1034 3420 erl.
1050 3375 1152 3421 Meliol.
1169 3375 1233 3422 unde

725 3457 801 3501 Gron.
817 3456 881 3516 conj.
893 3455 991 3519 pervius
1005 3454 1092 3517 presseris
1107 3470 1169 3509 esse,-
1184 3471 1232 3500 non

724 3533 887 3581 exercitibus?
899 3560 933 3570 -
943 3535 1046 3597 Legatos
1055 3549 1103 3578 non
1112 3548 1140 3594 ¹m
1145 3534 1197 3578 imis
1209 3534 1235 3579 in

724 3613 823 3659 sublime
841 3613 931 3666 elatos,
952 3613 1013 3658 torre
1031 3611 1141 3657 sublatus
1151 3630 1161 3667 ;
1176 3613 1234 3660 Ern.

725 3693 809 3738 Melini
826 3691 925 3737 sublime
940 3691 1003 3737 latos
1012 3708 1023 3746 ;
1039 3689 1125 3738 Schaef.
1144 3692 1235 3739 Confer

172 3769 204 3819 al.
224 3769 249 3816 in
266 3769 349 3816 limine
366 3770 403 3821 vel
423 3768 447 3814 in
467 3768 595 3822 uestibulo,
615 3785 638 3814 v.
658 3786 679 3816 c.
726 3770 839 3819 Sclrelleri
854 3770 924 3816 Obss.
940 3771 1235 3834 pog.193.·-lngenti-

172 3859 307 3895 castrorum
321 3849 405 3903 xxv,
420 3863 462 3905 173
477 3847 541 3894 urbis
555 3849 681 3906 xxm,
726 3850 768 3895 bus
781 3863 844 3910 sape
856 3847 999 3911 agno'rn‘bus.
1013 3850 1115 3910 QuotIes
1124 3850 1187 3896 Galli
1196 3849 1238 3895 Al·

174 3943 214 3974 22.
223 3926 314 3974 Sicilia·
326 3927 394 3990 apud
406 3927 457 3974 Cic.
466 3929 535 3974 Verr.
543 3929 574 3985 V,
587 3929 628 3986 67.
725 3943 768 3990 pes
780 3937 835 3972 aute
845 3925 893 3971 hoc
903 3938 997 3990 tempus
1008 3930 1174 3992 superaverint
1186 3926 1235 3974 vid.

208 4021 232 4070 7.
242 4005 340 4054 Pervius
347 4004 435 4069 paucis
449 4022 498 4053 esse
511 4023 520 4052 .·
532 4023 588 4052 nam
603 4005 677 4054 modo
725 4022 798 4070 supra
809 4004 840 4052 ad
852 4004 929 4063 fluv,
944 4010 989 4064 34,
1003 4019 1026 4057 et
1040 4006 1128 4071 Polyb.
1143 4008 1175 4052 H.
1190 4006 1236 4052 En,
