2782 4568
395 335 460 400 DE
486 332 740 405 TRANSITU
765 335 973 404 ALPIUM.
1146 332 1215 403 513

159 455 268 518 audire
288 468 401 539 queat,
424 468 505 539 quot
528 455 635 519 obices
661 477 806 518 summus
830 455 882 518 ille
905 454 1216 542 Carthaginiensium

159 559 333 644 imperator
346 556 543 642 perruperit!
564 581 627 644 qua
650 557 781 621 audacia
799 580 874 620 cum
891 559 958 644 ipsa
979 579 1087 619 rerum
1107 573 1219 619 naurra

159 657 365 736 colluctatus,
384 657 546 720 montium
563 657 766 722 altitudinem
780 659 935 744 nivesque
951 659 1027 722 caelo
1046 680 1147 745 prope
1166 659 1221 719 im·

160 758 273 820 mixtas
289 756 535 822 transcenderit!
551 781 648 845 quam
662 758 764 822 nobili
780 759 906 845 impetu
919 759 953 821 iu
966 760 1131 821 Romanos
1145 779 1222 845 gen·

161 859 241 921 tium
264 857 519 922 dominationem
530 858 595 938 jam
610 859 793 922 affectantes
812 860 975 938 invectus,
998 859 1119 922 ferrum
1133 857 1222 921 llam·

162 981 312 1046 mamque
334 960 408 1023 urbi
429 976 555 1024 aeternae
573 959 818 1024 minitabundus
836 962 982 1041 irruent,
998 976 1030 1024 et
1045 961 1145 1042 viam,
1161 983 1224 1047 qua

162 1062 265 1123 Roma
280 1059 422 1123 exscindi
436 1078 561 1148 posset,
579 1062 695 1125 futuris
710 1062 858 1125 hostibus
873 1062 1073 1149 patefecerit!

286 1241 395 1289 Annibal
408 1241 439 1288 l'a
451 1241 544 1304 predit,
556 1258 707 1305 croyous-en
718 1259 746 1290 ce
758 1243 834 1306 grand
844 1243 954 1301 homme,

285 1325 377 1372 Jamais
389 1341 422 1371 on
435 1341 465 1370 nr
477 1326 573 1372 vaincra
586 1326 621 1372 les
631 1326 748 1372 Romains
759 1342 806 1389 que
816 1326 877 1372 dans
887 1328 972 1374 Rome.

697 1411 809 1468 Racrrtu,
821 1408 978 1465 Mitlmdate,
991 1420 1037 1457 act.
1048 1410 1099 1467 111,
1110 1425 1143 1456 sc.
1153 1425 1174 1454 1.

212 1564 268 1625 Hae
291 1562 430 1624 rationes
453 1583 504 1623 me
526 1559 748 1637 adduxerunt,
773 1577 809 1623 ut
832 1560 954 1623 diutius
976 1561 1008 1621 in
1032 1558 1230 1622 memorabili

165 1662 220 1724 illo
237 1659 371 1725 secundi
396 1661 471 1726 belli
490 1661 599 1748 punici
618 1662 710 1724 initio
728 1662 937 1741 immorarer,
958 1683 1136 1746 omnesque
1153 1683 1232 1723 meae

166 1765 282 1826 mentis
305 1764 387 1826 vires
410 1762 612 1827 intenderem
636 1763 677 1826 ad
698 1763 782 1826 lianc
802 1779 924 1850 partem
949 1777 1096 1838 accurate
1121 1760 1232 1848 dispu-

165 1864 305 1928 tandam.
321 1866 432 1928 Unum
446 1881 606 1951 superest,
623 1881 659 1927 ut
676 1863 802 1927 doleam
820 1862 969 1926 nondum
988 1862 1021 1923 in
1030 1863 1143 1934 ‚lucem
1160 1882 1231 1948 pro·

165 1962 261 2028 diisse
278 1964 471 2051 jampridem
492 1981 711 2052 exspectatum
731 1987 812 2054 opus
829 1964 889 2027 viri
904 1964 994 2027 omni
1010 1963 1231 2026 doctrinarum

108 2146 110 2152 Ι
168 2086 285 2151 genere
300 2065 434 2154 insignis
451 2066 496 2130 W
494 2065 661 2130 alelenaer
674 2065 735 2154 (ι),
753 2089 819 2153 quo
833 2066 860 2128 si
878 2064 1006 2145 adjutus
1028 2081 1060 2127 et
1080 2063 1232 2128 suffultus

169 2163 294 2245 forem,
315 2165 396 2228 nihil
413 2166 551 2254 amplius
568 2165 817 2230 desiderandum
832 2165 913 2228 mihi
927 2165 1099 2230 videretur.

205 2352 243 2418 (1)
259 2357 297 2400 De
312 2355 463 2404 I'Acaddmt'e
475 2357 515 2405 des
532 2357 690 2423 Inscriptions
702 2369 727 2404 et
741 2358 932 2411 Helles-Lentem
951 2356 1192 2421 secretairege'neral
1205 2357 1237 2405 de

171 2435 196 2482 la
200 2435 335 2498 presentare
345 2438 376 2484 dc
388 2441 413 2486 Ia
424 2440 507 2499 Scine,
525 2436 612 2488 maftre
621 2441 662 2489 des
673 2438 789 2505 requdtes.
