2782 4568
185 315 315 418 agat}
376 337 473 403 nie.
502 337 646 403 xxiv.
675 335 786 401 car.
813 334 891 402 xi..
921 335 1026 402 xm.
1149 333 1220 419 453
1304 380 1306 385 -
1338 423 1341 431 ,

160 482 287 528 omnes
301 456 507 552 occupavit,
524 470 566 525 ut
580 479 657 536 non
679 455 788 524 modo
806 456 895 526 alius
915 457 1108 552 quisquam
1126 483 1223 528 arma

160 581 305 664 caperet
317 581 352 654 ¹⁰,
371 580 434 636 aut
457 567 580 638 castris
602 565 737 663 pellere
761 563 905 637 hostem
927 582 1140 653 conaretur3
1161 569 1224 638 sed

153 680 268 772 ,etiam
283 677 358 774 ipse
374 701 459 765 rex,
479 677 571 746 sicut
585 700 714 744 somno
731 675 869 745 excitus
883 690 977 762 erat,
991 701 1108 773 prope
1121 679 1227 747 semi-

160 788 280 859 nudus
293 785 453 885 fugiens,
468 785 573 855 militi
586 809 754 881 quoque,
767 784 903 855 nedum
917 787 1008 883 regi,
1019 787 1079 855 vix
1092 786 1226 858 decoro

159 897 300 983 habitu,
317 895 362 967 ad
378 895 514 965 flumen
532 918 714 989 navesque
731 891 939 991 perfugerit.
958 894 1095 966 Eodem
1111 913 1147 968 et
1161 899 1228 968 alia

159 1006 266 1078 turba
291 1005 405 1094 effusa
430 1020 492 1076 est.
514 1005 625 1083 Paulo
649 1004 771 1074 minus
793 1005 862 1074 tria
883 1005 995 1075 millia
1013 1008 1168 1078 militum
1189 1011 1226 1080 in

160 1119 283 1190 castris
296 1132 359 1187 aut
373 1131 493 1214 capta,
506 1130 568 1185 aut
579 1116 695 1186 occisa
711 1114 813 1212 :plus
828 1129 949 1186 tamen
964 1116 1155 1190 hominum
1170 1121 1228 1191 ali·

161 1240 486 1324 quantocaptum,
511 1249 622 1320 quam
648 1249 778 1295 caesum
803 1240 867 1296 est.
892 1227 1024 1307 Castris
1054 1226 1227 1326 direptis,

160 1337 398 1436 Apolloniatae
412 1333 627 1432 catapultas,
637 1332 781 1406 balistas
790 1348 1042 1432 tormentaque
1052 1337 1136 1426 alia,
1150 1364 1230 1434 quae

161 1446 414 1545 oppugnandae
424 1445 508 1516 urbi
522 1461 728 1544 comparata
743 1461 861 1539 erant,
872 1446 917 1517 ad
931 1448 1067 1528 tuenda
1077 1450 1228 1538 moenia,

161 1559 190 1628 si
205 1558 353 1654 quando
367 1558 489 1639 similis
502 1555 650 1628 fortuna
663 1559 821 1628 venisset
830 1568 872 1645 ¹¹,
883 1559 1112 1655 Apolloniam
1127 1560 1230 1632 deve-

160 1692 245 1758 xere
266 1695 274 1736 ε
298 1684 424 1740 caetera
447 1669 566 1739 omnis
585 1666 706 1765 praeda
727 1683 926 1738 castrorum
948 1672 1120 1741 Romanis
1139 1695 1229 1742 con-

161 1803 259 1850 cessa
278 1794 342 1864 est,
360 1785 442 1850 Haee
458 1803 573 1874 quum
593 1779 741 1850 Oricum
758 1793 876 1849 essent
894 1782 1079 1868 nuntiata,
1095 1785 1144 1850 M.
1156 1785 1229 1852 Va·

159 1888 270 1960 lerius
289 1890 437 1960 classem
452 1887 635 1984 extemplo
653 1886 698 1958 ad
713 1889 847 1959 ostium
867 1888 1026 1960 fluminis
1043 1888 1230 1977 duxit,„ne

160 1999 312 2070 navibus
327 2023 512 2096 capessere
525 1997 645 2094 fugam
664 2023 729 2068 rex
743 2013 874 2095 posset.
885 2005 1011 2097 Itaque
1025 1998 1228 2098 Philippus,

79 2180 82 2186 .
160 2135 281 2207 neque
299 2111 473 2199 terrestri,
490 2133 611 2205 neque
628 2109 745 2180 navali
759 2114 955 2181 certamine
974 2108 1154 2185 satisfore
1168 2135 1230 2207 pa-

159 2246 236 2291 rem
252 2247 289 2293 se
304 2221 419 2292 fidens
431 2231 475 2310 ¹²,
493 2207 680 2305 subductis
695 2234 758 2291 aut
773 2215 931 2292 incensis
945 2220 1116 2308 navibus,
1132 2235 1228 2290 terra

160 2333 410 2404 Macedoniam
433 2332 558 2429 petiit,
576 2354 770 2427 magnaex
794 2346 896 2429 parte
917 2332 1047 2407 inermi
1069 2331 1231 2402 exercitu

162 2444 402 2541 spoliatoque.
420 2447 585 2514 Romana
600 2440 720 2512 classis
738 2466 821 2513 eum
835 2447 884 2512 Μ.
903 2441 1047 2532 Valerio
1062 2439 1160 2512 Orici
1173 2439 1230 2510 hi-

161 2550 337 2623 bernavit.

210 2666 301 2732 XLI.
317 2656 455 2765 Eodem
470 2685 567 2730 anno
588 2662 625 2729 in
639 2663 808 2756 Hispania
822 2668 918 2737 varie
932 2690 990 2736 res
1004 2679 1130 2761 gestae3
1145 2687 1230 2733 nam
1326 2680 1329 2687 ’

163 2771 280 2867 prius,
291 2793 401 2865 quam
411 2770 564 2841 Romani
575 2793 718 2840 amnem
732 2770 878 2844 Iberum
887 2776 1082 2846 transirent
1092 2830 1101 2863 ,
1111 2774 1231 2872 ingen·

164 2894 218 2951 tes
239 2880 361 2977 copias
381 2879 625 2974 Hispanorum
639 2870 745 2976 Mago
761 2896 796 2952 et
812 2883 1015 2955 Hasdrubal
1030 2882 1227 2955 fuderunt:

164 2990 425 3086 defecissetque
440 2987 486 3059 ab
501 2990 673 3061 Romanis
690 2991 841 3063 ulterior
856 2995 1039 3091 Hispania,
1050 2997 1088 3063 ni
1102 2998 1139 3089 P
1151 2981 1232 3066 Cor.

163 3099 296 3187 nelius,
309 3099 442 3196 raptim
455 3098 621 3169 traducto
636 3102 795 3172 exercitu
808 3102 971 3192 Iberum,
987 3103 1107 3176 dubiis
1121 3106 1232 3176 socio·

62 3259 65 3265 ·
162 3234 244 3279 rum
252 3209 380 3279 animis
395 3208 435 3276 in
452 3220 616 3305 tempore
634 3209 844 3284 advenisset.
867 3215 985 3285 Primo
1005 3214 1050 3284 ad
1073 3229 1230 3286 castrum

203 3458 242 3490 ro.
261 3445 293 3489 Ut
306 3459 355 3490 non
372 3442 445 3490 modo
461 3455 512 3488 non
528 3439 591 3487 alius
610 3439 675 3503 quis-
719 3461 745 3493 n.
755 3443 833 3511 1)aut
841 3444 942 3493 incensis
951 3445 1149 3502 navibus3imm0
1159 3458 1233 3510 atque

165 3537 239 3585 quam
255 3537 328 3567 arma
343 3531 440 3585 caperet
456 3520 527 3585 (vide
542 3518 573 3565 ad
587 3521 614 3576 15
631 3526 677 3578 40,
722 3525 824 3574 incensis
833 3526 880 3588 leg.
891 3541 947 3574 cum
956 3525 1100 3584 Duk.;nam
1110 3526 1131 3573 si
1138 3537 1232 3590 partem

165 3617 189 3648 n.
203 3598 236 3664 1),
248 3598 295 3646 nisi
303 3613 350 3662 pro
360 3599 423 3646 alius
434 3599 480 3662 leg.
490 3597 561 3644 harad
571 3596 610 3644 vel
621 3597 677 3644 vix·
722 3599 820 3646 navium
839 3596 996 3647 subduxisset
1014 3607 1123 3655 tantum,
1144 3614 1172 3644 ea
1185 3599 1233 3645 Ro·

165 3706 199 3714 -
210 3679 258 3726 Hic
272 3692 428 3746 suppressum
438 3693 489 3726 esse
499 3677 526 3728 τὸ
539 3692 602 3731 non,
618 3674 677 3723 licet
720 3678 797 3725 manis
809 3678 898 3742 praedae
909 3677 1002 3725 suisset.
1014 3702 1049 3711 -
1061 3677 1136 3723 Terra
1148 3678 1232 3724 Mace-

166 3774 196 3804 ne
205 3756 677 3823 quid.haudsequatur‚notandum.En.
721 3758 820 3805 doniam
826 3756 913 3822 petiit,
923 3757 978 3816 vel,
991 3767 1019 3804 ut
1027 3754 1070 3802 alii
1078 3754 1193 3814 tradunt,
1206 3756 1232 3804 in

204 3852 243 3882 11.
255 3835 281 3882 Si
291 3834 374 3882 similis
378 3832 485 3898 firrtana
496 3834 616 3891 venissen
624 3833 675 3881 vid.
719 3838 915 3902 Peloponnesum
930 3829 1018 3895 rediit,
1036 3835 1094 3882 ride
1110 3835 1231 3884 Plutarch.

166 3915 348 3973 ad1x‚12,n.
362 3930 384 3960 1.
721 3918 789 3965 Atat.
800 3933 821 3964 c.
833 3916 875 3974 51,
885 3933 913 3980 p.
928 3915 1001 3962 1051.
1017 3918 1089 3962 Forte
1103 3925 1232 3978 utrumque

204 4009 243 4040 12.
263 3993 326 4040 Satis
336 3991 396 4057 sore
408 4007 496 4056 parem
515 4009 540 4040 se
559 3991 676 4041 Romanis
721 4007 744 4043 et
753 3995 815 4043 illud
823 3995 893 4060 prius
902 3994 999 4042 factum.
1014 3995 1085 4043 Cous.
1095 3993 1230 4060 Schweigh.

159 4071 255 4138 fidens,
271 4071 390 4122 subductis
406 4071 472 4138 (vide
485 4072 517 4120 ad
531 4073 608 4133 vlu,
626 4073 676 4129 26,
720 4074 752 4124 ad
765 4074 1019 4140 Polyb.v111,1o,1.
