<?xml version="1.0" encoding="UTF-8"?>
<!DOCTYPE html PUBLIC "-//W3C//DTD XHTML 1.0 Transitional//EN"
    "http://www.w3.org/TR/xhtml1/DTD/xhtml1-transitional.dtd">
<html xmlns="http://www.w3.org/1999/xhtml" xml:lang="en" lang="en">
 <head>
  <title>
</title>
<meta http-equiv="Content-Type" content="text/html;charset=utf-8" />
  <meta name='ocr-system' content='tesseract 3.04.00' />
  <meta name='ocr-capabilities' content='ocr_page ocr_carea ocr_par ocr_line ocrx_word'/>
</head>
<body>
  <div class='ocr_page' id='page_1' title='image "./titusliviuspata06freigoog_0102.png"; bbox 0 0 2782 4568; ppageno 0'>
   <div class='ocr_carea' id='block_1_1' title="bbox 176 301 1254 426">
    <p class='ocr_par' dir='ltr' id='par_1_1' title="bbox 176 301 1254 426">
     <span class='ocr_line' id='line_1_1' title="bbox 176 301 1254 426; baseline 0.008 -35"><span class='ocrx_word' id='word_1_1' title='bbox 176 301 297 409; x_wconf 60' lang='lat'>3:533321</span> <span class='ocrx_word' id='word_1_2' title='bbox 341 325 433 391; x_wconf 81' lang='lat' dir='ltr'>Lm.</span> <span class='ocrx_word' id='word_1_3' title='bbox 461 326 563 391; x_wconf 80' lang='lat' dir='ltr'>xxi.</span> <span class='ocrx_word' id='word_1_4' title='bbox 591 325 696 392; x_wconf 78' lang='lat' dir='ltr'>car.</span> <span class='ocrx_word' id='word_1_5' title='bbox 723 325 854 390; x_wconf 75' lang='lat' dir='ltr'>xnvr.</span> <span class='ocrx_word' id='word_1_6' title='bbox 879 326 1026 392; x_wconf 71' lang='lat' dir='ltr'>savii.</span> <span class='ocrx_word' id='word_1_7' title='bbox 1160 329 1205 424; x_wconf 86' lang='lat'>95</span> <span class='ocrx_word' id='word_1_8' title='bbox 1243 412 1254 426; x_wconf 74' lang='lat'>,</span> 
     </span>
    </p>
   </div>
   <div class='ocr_carea' id='block_1_2' title="bbox 139 439 1206 2299">
    <p class='ocr_par' dir='ltr' id='par_1_2' title="bbox 139 439 1206 2069">
     <span class='ocr_line' id='line_1_2' title="bbox 148 439 1205 541; baseline 0.011 -32"><span class='ocrx_word' id='word_1_9' title='bbox 148 464 272 536; x_wconf 84' lang='lat' dir='ltr'>pugna</span> <span class='ocrx_word' id='word_1_10' title='bbox 288 439 420 528; x_wconf 82' lang='lat' dir='ltr'>ierat⁶;</span> <span class='ocrx_word' id='word_1_11' title='bbox 439 440 555 514; x_wconf 89' lang='lat' dir='ltr'>donec</span> <span class='ocrx_word' id='word_1_12' title='bbox 570 443 752 530; x_wconf 79' lang='lat' dir='ltr'>Numidae,</span> <span class='ocrx_word' id='word_1_13' title='bbox 771 444 834 539; x_wconf 93' lang='lat' dir='ltr'>qui</span> <span class='ocrx_word' id='word_1_14' title='bbox 852 443 890 512; x_wconf 91' lang='lat' dir='ltr'>in</span> <span class='ocrx_word' id='word_1_15' title='bbox 903 443 1074 514; x_wconf 90' lang='lat' dir='ltr'>cornibus</span> <span class='ocrx_word' id='word_1_16' title='bbox 1086 465 1205 541; x_wconf 90' lang='lat' dir='ltr'>erant,</span> 
     </span>
     <span class='ocr_line' id='line_1_3' title="bbox 150 551 1205 649; baseline 0.011 -30"><span class='ocrx_word' id='word_1_17' title='bbox 150 552 375 621; x_wconf 90' lang='lat' dir='ltr'>circumvecti</span> <span class='ocrx_word' id='word_1_18' title='bbox 399 551 608 647; x_wconf 86' lang='lat' dir='ltr'>paululum,</span> <span class='ocrx_word' id='word_1_19' title='bbox 630 551 682 623; x_wconf 87' lang='lat' dir='ltr'>ab</span> <span class='ocrx_word' id='word_1_20' title='bbox 706 567 809 649; x_wconf 86' lang='lat' dir='ltr'>tergo</span> <span class='ocrx_word' id='word_1_21' title='bbox 835 577 872 622; x_wconf 92' lang='lat' dir='ltr'>se</span> <span class='ocrx_word' id='word_1_22' title='bbox 896 553 1144 626; x_wconf 89' lang='lat' dir='ltr'>ostenderunt.</span> <span class='ocrx_word' id='word_1_23' title='bbox 1172 566 1205 630; x_wconf 94' lang='lat' dir='ltr'>Is</span> 
     </span>
     <span class='ocr_line' id='line_1_4' title="bbox 148 660 1206 758; baseline 0.009 -29"><span class='ocrx_word' id='word_1_24' title='bbox 148 684 261 756; x_wconf 92' lang='lat' dir='ltr'>pavor</span> <span class='ocrx_word' id='word_1_25' title='bbox 277 660 429 757; x_wconf 89' lang='lat' dir='ltr'>perculit</span> <span class='ocrx_word' id='word_1_26' title='bbox 446 667 645 747; x_wconf 87' lang='lat' dir='ltr'>Romanos,</span> <span class='ocrx_word' id='word_1_27' title='bbox 665 663 836 756; x_wconf 80' lang='lat' dir='ltr'><strong>auxitque</strong></span> <span class='ocrx_word' id='word_1_28' title='bbox 855 687 1027 758; x_wconf 90' lang='lat' dir='ltr'>pavorem</span> <span class='ocrx_word' id='word_1_29' title='bbox 1049 666 1206 739; x_wconf 90' lang='lat' dir='ltr'>consulis</span> 
     </span>
     <span class='ocr_line' id='line_1_5' title="bbox 148 774 1203 876; baseline 0.009 -35"><span class='ocrx_word' id='word_1_30' title='bbox 148 774 295 861; x_wconf 90' lang='lat' dir='ltr'>vulnus,</span> <span class='ocrx_word' id='word_1_31' title='bbox 319 775 592 872; x_wconf 81' lang='lat' dir='ltr'>periculumque</span> <span class='ocrx_word' id='word_1_32' title='bbox 616 777 822 845; x_wconf 85' lang='lat' dir='ltr'>intercursu</span> <span class='ocrx_word' id='word_1_33' title='bbox 849 789 926 845; x_wconf 91' lang='lat' dir='ltr'>tum</span> <span class='ocrx_word' id='word_1_34' title='bbox 954 778 1112 873; x_wconf 91' lang='lat' dir='ltr'>primum</span> <span class='ocrx_word' id='word_1_35' title='bbox 1133 804 1203 876; x_wconf 93' lang='lat' dir='ltr'>pu-</span> 
     </span>
     <span class='ocr_line' id='line_1_6' title="bbox 147 882 1205 984; baseline 0.006 -31"><span class='ocrx_word' id='word_1_36' title='bbox 147 882 325 955; x_wconf 89' lang='lat' dir='ltr'>bescentis</span> <span class='ocrx_word' id='word_1_37' title='bbox 342 883 406 955; x_wconf 94' lang='lat' dir='ltr'>filii</span> <span class='ocrx_word' id='word_1_38' title='bbox 426 885 676 982; x_wconf 81' lang='lat' dir='ltr'>propulsatum</span> <span class='ocrx_word' id='word_1_39' title='bbox 688 896 711 954; x_wconf 89' lang='lat'>⁷.</span> <span class='ocrx_word' id='word_1_40' title='bbox 733 886 799 953; x_wconf 90' lang='lat' dir='ltr'>Hic</span> <span class='ocrx_word' id='word_1_41' title='bbox 817 886 882 954; x_wconf 91' lang='lat' dir='ltr'>erit</span> <span class='ocrx_word' id='word_1_42' title='bbox 898 883 1073 978; x_wconf 81' lang='lat' dir='ltr'>juvenis⁸,</span> <span class='ocrx_word' id='word_1_43' title='bbox 1092 912 1205 984; x_wconf 89' lang='lat' dir='ltr'>penes</span> 
     </span>
     <span class='ocr_line' id='line_1_7' title="bbox 148 992 1204 1092; baseline 0.006 -28"><span class='ocrx_word' id='word_1_44' title='bbox 148 1018 257 1090; x_wconf 90' lang='lat' dir='ltr'>quem</span> <span class='ocrx_word' id='word_1_45' title='bbox 282 994 431 1092; x_wconf 83' lang='lat' dir='ltr'>perfecti</span> <span class='ocrx_word' id='word_1_46' title='bbox 458 996 606 1090; x_wconf 87' lang='lat' dir='ltr'>hujusce</span> <span class='ocrx_word' id='word_1_47' title='bbox 630 993 717 1065; x_wconf 91' lang='lat' dir='ltr'>belli</span> <span class='ocrx_word' id='word_1_48' title='bbox 740 994 817 1064; x_wconf 89' lang='lat' dir='ltr'>laus</span> <span class='ocrx_word' id='word_1_49' title='bbox 844 1009 915 1081; x_wconf 90' lang='lat' dir='ltr'>est,</span> <span class='ocrx_word' id='word_1_50' title='bbox 943 992 1130 1068; x_wconf 87' lang='lat' dir='ltr'>Africanus</span> <span class='ocrx_word' id='word_1_51' title='bbox 1156 998 1204 1070; x_wconf 93' lang='lat' dir='ltr'>ob</span> 
     </span>
     <span class='ocr_line' id='line_1_8' title="bbox 147 1103 1206 1204; baseline 0.006 -31"><span class='ocrx_word' id='word_1_52' title='bbox 147 1107 324 1202; x_wconf 83' lang='lat' dir='ltr'>egregiam</span> <span class='ocrx_word' id='word_1_53' title='bbox 338 1107 525 1176; x_wconf 86' lang='lat' dir='ltr'>victoriam</span> <span class='ocrx_word' id='word_1_54' title='bbox 545 1105 593 1175; x_wconf 82' lang='lat' dir='ltr'>de·</span> <span class='ocrx_word' id='word_1_55' title='bbox 612 1103 813 1174; x_wconf 86' lang='lat' dir='ltr'>Hannibale</span> <span class='ocrx_word' id='word_1_56' title='bbox 832 1105 1022 1200; x_wconf 84' lang='lat' dir='ltr'>Poenisque</span> <span class='ocrx_word' id='word_1_57' title='bbox 1046 1109 1206 1204; x_wconf 44' lang='lat' dir='ltr'>appella-1</span> 
     </span>
     <span class='ocr_line' id='line_1_9' title="bbox 145 1212 1206 1315; baseline 0.008 -34"><span class='ocrx_word' id='word_1_58' title='bbox 145 1226 213 1283; x_wconf 91' lang='lat' dir='ltr'>tus.</span> <span class='ocrx_word' id='word_1_59' title='bbox 225 1219 321 1310; x_wconf 86' lang='lat' dir='ltr'>Fuga</span> <span class='ocrx_word' id='word_1_60' title='bbox 332 1229 454 1285; x_wconf 89' lang='lat' dir='ltr'>tamen</span> <span class='ocrx_word' id='word_1_61' title='bbox 468 1213 581 1284; x_wconf 85' lang='lat' dir='ltr'>effusa</span> <span class='ocrx_word' id='word_1_62' title='bbox 589 1212 831 1307; x_wconf 84' lang='lat' dir='ltr'>jaculatorum</span> <span class='ocrx_word' id='word_1_63' title='bbox 845 1215 998 1285; x_wconf 86' lang='lat' dir='ltr'>maxime</span> <span class='ocrx_word' id='word_1_64' title='bbox 1016 1214 1100 1307; x_wconf 87' lang='lat' dir='ltr'>fuit,</span> <span class='ocrx_word' id='word_1_65' title='bbox 1113 1244 1206 1315; x_wconf 88' lang='lat' dir='ltr'>quos</span> 
     </span>
     <span class='ocr_line' id='line_1_10' title="bbox 144 1323 1206 1423; baseline 0.008 -32"><span class='ocrx_word' id='word_1_66' title='bbox 144 1324 278 1419; x_wconf 92' lang='lat' dir='ltr'>primos</span> <span class='ocrx_word' id='word_1_67' title='bbox 296 1325 459 1397; x_wconf 85' lang='lat' dir='ltr'>Numidae</span> <span class='ocrx_word' id='word_1_68' title='bbox 473 1326 695 1393; x_wconf 89' lang='lat' dir='ltr'>invaserunt.</span> <span class='ocrx_word' id='word_1_69' title='bbox 713 1323 812 1394; x_wconf 89' lang='lat' dir='ltr'>Alius</span> <span class='ocrx_word' id='word_1_70' title='bbox 829 1323 1011 1396; x_wconf 86' lang='lat' dir='ltr'>consertus</span> <span class='ocrx_word' id='word_1_71' title='bbox 1026 1329 1206 1423; x_wconf 80' lang='lat' dir='ltr'>equitatus</span> 
     </span>
     <span class='ocr_line' id='line_1_11' title="bbox 144 1433 1204 1531; baseline 0.006 -28"><span class='ocrx_word' id='word_1_72' title='bbox 144 1435 331 1505; x_wconf 89' lang='lat' dir='ltr'>consulem</span> <span class='ocrx_word' id='word_1_73' title='bbox 346 1437 384 1504; x_wconf 90' lang='lat' dir='ltr'>in</span> <span class='ocrx_word' id='word_1_74' title='bbox 398 1433 559 1504; x_wconf 90' lang='lat' dir='ltr'>medium</span> <span class='ocrx_word' id='word_1_75' title='bbox 573 1448 780 1531; x_wconf 90' lang='lat' dir='ltr'>acceptum,</span> <span class='ocrx_word' id='word_1_76' title='bbox 795 1459 871 1504; x_wconf 89' lang='lat' dir='ltr'>non</span> <span class='ocrx_word' id='word_1_77' title='bbox 880 1437 988 1531; x_wconf 80' lang='lat' dir='ltr'>armis</span> <span class='ocrx_word' id='word_1_78' title='bbox 996 1437 1124 1525; x_wconf 92' lang='lat' dir='ltr'>mod0,</span> <span class='ocrx_word' id='word_1_79' title='bbox 1140 1438 1204 1509; x_wconf 92' lang='lat' dir='ltr'>sed</span> 
     </span>
     <span class='ocr_line' id='line_1_12' title="bbox 143 1545 1204 1644; baseline 0.004 -29"><span class='ocrx_word' id='word_1_80' title='bbox 143 1546 249 1615; x_wconf 91' lang='lat' dir='ltr'>etiam</span> <span class='ocrx_word' id='word_1_81' title='bbox 264 1545 478 1642; x_wconf 91' lang='lat' dir='ltr'>corporibus</span> <span class='ocrx_word' id='word_1_82' title='bbox 492 1545 582 1632; x_wconf 92' lang='lat' dir='ltr'>suis,</span> <span class='ocrx_word' id='word_1_83' title='bbox 598 1557 811 1643; x_wconf 83' lang='lat' dir='ltr'>protegens,</span> <span class='ocrx_word' id='word_1_84' title='bbox 826 1546 864 1614; x_wconf 92' lang='lat' dir='ltr'>in</span> <span class='ocrx_word' id='word_1_85' title='bbox 877 1559 1009 1633; x_wconf 89' lang='lat' dir='ltr'>castra,</span> <span class='ocrx_word' id='word_1_86' title='bbox 1022 1571 1204 1644; x_wconf 87' lang='lat' dir='ltr'>nusquam</span> 
     </span>
     <span class='ocr_line' id='line_1_13' title="bbox 141 1653 1203 1753; baseline 0.007 -30"><span class='ocrx_word' id='word_1_87' title='bbox 141 1654 284 1751; x_wconf 88' lang='lat' dir='ltr'>trepide</span> <span class='ocrx_word' id='word_1_88' title='bbox 307 1680 427 1753; x_wconf 89' lang='lat' dir='ltr'>neque</span> <span class='ocrx_word' id='word_1_89' title='bbox 446 1653 558 1725; x_wconf 85' lang='lat' dir='ltr'>effuse</span> <span class='ocrx_word' id='word_1_90' title='bbox 576 1655 771 1741; x_wconf 86' lang='lat' dir='ltr'>cedendo9,</span> <span class='ocrx_word' id='word_1_91' title='bbox 791 1656 945 1726; x_wconf 87' lang='lat' dir='ltr'>reduxit.</span> <span class='ocrx_word' id='word_1_92' title='bbox 969 1660 1104 1728; x_wconf 88' lang='lat' dir='ltr'>Servati</span> <span class='ocrx_word' id='word_1_93' title='bbox 1120 1684 1203 1729; x_wconf 92' lang='lat' dir='ltr'>con-</span> 
     </span>
     <span class='ocr_line' id='line_1_14' title="bbox 140 1762 1199 1865; baseline 0.005 -33"><span class='ocrx_word' id='word_1_94' title='bbox 140 1762 228 1864; x_wconf 87' lang='lat' dir='ltr'>sulis</span> <span class='ocrx_word' id='word_1_95' title='bbox 240 1765 348 1835; x_wconf 91' lang='lat' dir='ltr'>decus</span> <span class='ocrx_word' id='word_1_96' title='bbox 359 1764 492 1835; x_wconf 90' lang='lat' dir='ltr'>Coelius</span> <span class='ocrx_word' id='word_1_97' title='bbox 507 1763 551 1833; x_wconf 89' lang='lat' dir='ltr'>ad</span> <span class='ocrx_word' id='word_1_98' title='bbox 567 1789 710 1835; x_wconf 91' lang='lat' dir='ltr'>servum</span> <span class='ocrx_word' id='word_1_99' title='bbox 724 1767 871 1835; x_wconf 89' lang='lat' dir='ltr'>natione</span> <span class='ocrx_word' id='word_1_100' title='bbox 882 1766 1036 1862; x_wconf 83' lang='lat' dir='ltr'>ligurem</span> <span class='ocrx_word' id='word_1_101' title='bbox 1049 1766 1199 1865; x_wconf 87' lang='lat' dir='ltr'>delegat.</span> 
     </span>
     <span class='ocr_line' id='line_1_15' title="bbox 139 1873 1203 1976; baseline 0.008 -34"><span class='ocrx_word' id='word_1_102' title='bbox 139 1874 262 1943; x_wconf 87' lang='lat' dir='ltr'>Malim</span> <span class='ocrx_word' id='word_1_103' title='bbox 281 1874 450 1969; x_wconf 91' lang='lat' dir='ltr'>equidem</span> <span class='ocrx_word' id='word_1_104' title='bbox 468 1874 513 1944; x_wconf 92' lang='lat' dir='ltr'>de</span> <span class='ocrx_word' id='word_1_105' title='bbox 536 1873 610 1944; x_wconf 88' lang='lat' dir='ltr'>filio</span> <span class='ocrx_word' id='word_1_106' title='bbox 632 1901 759 1946; x_wconf 91' lang='lat' dir='ltr'>verum</span> <span class='ocrx_word' id='word_1_107' title='bbox 778 1901 875 1963; x_wconf 90' lang='lat' dir='ltr'>esse,</span> <span class='ocrx_word' id='word_1_108' title='bbox 902 1877 1004 1972; x_wconf 92' lang='lat' dir='ltr'>quod</span> <span class='ocrx_word' id='word_1_109' title='bbox 1027 1893 1062 1950; x_wconf 91' lang='lat' dir='ltr'>et</span> <span class='ocrx_word' id='word_1_110' title='bbox 1081 1880 1203 1976; x_wconf 91' lang='lat' dir='ltr'>plures</span> 
     </span>
     <span class='ocr_line' id='line_1_16' title="bbox 141 1983 920 2069; baseline 0.004 -17"><span class='ocrx_word' id='word_1_111' title='bbox 141 1983 319 2054; x_wconf 89' lang='lat' dir='ltr'>tradidere</span> <span class='ocrx_word' id='word_1_112' title='bbox 336 1997 515 2069; x_wconf 86' lang='lat' dir='ltr'>auctores,</span> <span class='ocrx_word' id='word_1_113' title='bbox 538 1984 687 2054; x_wconf 83' lang='lat' dir='ltr'>etfama</span> <span class='ocrx_word' id='word_1_114' title='bbox 708 1984 920 2055; x_wconf 87' lang='lat' dir='ltr'>obtinuit¹⁰.</span> 
     </span>
    </p>

    <p class='ocr_par' dir='ltr' id='par_1_3' title="bbox 142 2094 1202 2299">
     <span class='ocr_line' id='line_1_17' title="bbox 188 2094 1202 2191; baseline 0.005 -28"><span class='ocrx_word' id='word_1_115' title='bbox 188 2097 327 2164; x_wconf 89' lang='lat' dir='ltr'><strong>XLVII.</strong></span> <span class='ocrx_word' id='word_1_116' title='bbox 347 2098 425 2162; x_wconf 91' lang='lat' dir='ltr'>Hoc</span> <span class='ocrx_word' id='word_1_117' title='bbox 441 2094 599 2190; x_wconf 88' lang='lat' dir='ltr'>primum</span> <span class='ocrx_word' id='word_1_118' title='bbox 616 2118 698 2164; x_wconf 91' lang='lat' dir='ltr'>cum</span> <span class='ocrx_word' id='word_1_119' title='bbox 714 2094 916 2166; x_wconf 89' lang='lat' dir='ltr'>Hannibale</span> <span class='ocrx_word' id='word_1_120' title='bbox 935 2095 1098 2191; x_wconf 86' lang='lat' dir='ltr'>praelium</span> <span class='ocrx_word' id='word_1_121' title='bbox 1116 2096 1202 2186; x_wconf 81' lang='lat' dir='ltr'>fuit3</span> 
     </span>
     <span class='ocr_line' id='line_1_18' title="bbox 142 2200 1202 2299; baseline 0.005 -28"><span class='ocrx_word' id='word_1_122' title='bbox 142 2222 215 2296; x_wconf 91' lang='lat' dir='ltr'>quo</span> <span class='ocrx_word' id='word_1_123' title='bbox 242 2200 344 2272; x_wconf 86' lang='lat' dir='ltr'>facile</span> <span class='ocrx_word' id='word_1_124' title='bbox 369 2204 554 2298; x_wconf 88' lang='lat' dir='ltr'>apparuit,</span> <span class='ocrx_word' id='word_1_125' title='bbox 581 2217 617 2273; x_wconf 92' lang='lat' dir='ltr'>et</span> <span class='ocrx_word' id='word_1_126' title='bbox 645 2205 809 2299; x_wconf 90' lang='lat' dir='ltr'>equitatu</span> <span class='ocrx_word' id='word_1_127' title='bbox 835 2204 1023 2275; x_wconf 91' lang='lat' dir='ltr'>meliorem</span> <span class='ocrx_word' id='word_1_128' title='bbox 1049 2210 1202 2276; x_wconf 89' lang='lat' dir='ltr'>Poenum</span> 
     </span>
    </p>
   </div>
   <div class='ocr_carea' id='block_1_3' title="bbox 130 2398 1205 4115">
    <p class='ocr_par' dir='ltr' id='par_1_4' title="bbox 131 2398 1205 3408">
     <span class='ocr_line' id='line_1_19' title="bbox 173 2398 1205 2465; baseline 0.002 -19"><span class='ocrx_word' id='word_1_129' title='bbox 173 2401 197 2447; x_wconf 84' lang='lat'>6.</span> <span class='ocrx_word' id='word_1_130' title='bbox 211 2404 267 2447; x_wconf 84' lang='lat' dir='ltr'>Iam</span> <span class='ocrx_word' id='word_1_131' title='bbox 283 2416 374 2463; x_wconf 76' lang='lat' dir='ltr'>magna</span> <span class='ocrx_word' id='word_1_132' title='bbox 389 2416 421 2446; x_wconf 78' lang='lat' dir='ltr'>ex</span> <span class='ocrx_word' id='word_1_133' title='bbox 434 2411 510 2462; x_wconf 85' lang='lat' dir='ltr'>parte</span> <span class='ocrx_word' id='word_1_134' title='bbox 524 2399 561 2445; x_wconf 88' lang='lat' dir='ltr'>ad</span> <span class='ocrx_word' id='word_1_135' title='bbox 572 2399 648 2462; x_wconf 80' lang='lat' dir='ltr'>pedes</span> <span class='ocrx_word' id='word_1_136' title='bbox 692 2410 741 2447; x_wconf 91' lang='lat' dir='ltr'>tem</span> <span class='ocrx_word' id='word_1_137' title='bbox 754 2399 860 2462; x_wconf 82' lang='lat' dir='ltr'>aliquam</span> <span class='ocrx_word' id='word_1_138' title='bbox 875 2398 1029 2446; x_wconf 87' lang='lat' dir='ltr'>intercidisse</span> <span class='ocrx_word' id='word_1_139' title='bbox 1047 2411 1112 2447; x_wconf 89' lang='lat' dir='ltr'>recte</span> <span class='ocrx_word' id='word_1_140' title='bbox 1129 2402 1205 2465; x_wconf 84' lang='lat' dir='ltr'>suspi-</span> 
     </span>
     <span class='ocr_line' id='line_1_20' title="bbox 134 2477 911 2544; baseline 0 -19"><span class='ocrx_word' id='word_1_141' title='bbox 134 2495 220 2543; x_wconf 76' lang='lat' dir='ltr'>pugna</span> <span class='ocrx_word' id='word_1_142' title='bbox 241 2480 304 2526; x_wconf 84' lang='lat' dir='ltr'>ierat</span> <span class='ocrx_word' id='word_1_143' title='bbox 323 2479 364 2544; x_wconf 85' lang='lat' dir='ltr'>(in</span> <span class='ocrx_word' id='word_1_144' title='bbox 382 2479 444 2525; x_wconf 88' lang='lat' dir='ltr'>MSS</span> <span class='ocrx_word' id='word_1_145' title='bbox 464 2478 562 2533; x_wconf 75' lang='lat' dir='ltr'>eierat,</span> <span class='ocrx_word' id='word_1_146' title='bbox 582 2477 647 2524; x_wconf 91' lang='lat' dir='ltr'>unde</span> <span class='ocrx_word' id='word_1_147' title='bbox 694 2489 762 2526; x_wconf 83' lang='lat' dir='ltr'>catur</span> <span class='ocrx_word' id='word_1_148' title='bbox 775 2479 911 2542; x_wconf 80' lang='lat' dir='ltr'>Schweigb.</span> 
     </span>
     <span class='ocr_line' id='line_1_21' title="bbox 139 2552 1202 2625; baseline 0.003 -21"><span class='ocrx_word' id='word_1_149' title='bbox 139 2557 219 2604; x_wconf 80' lang='lat' dir='ltr'>forsan</span> <span class='ocrx_word' id='word_1_150' title='bbox 233 2557 328 2620; x_wconf 82' lang='lat' dir='ltr'>legend.</span> <span class='ocrx_word' id='word_1_151' title='bbox 343 2555 473 2620; x_wconf 81' lang='lat' dir='ltr'>venerat),</span> <span class='ocrx_word' id='word_1_152' title='bbox 490 2559 548 2625; x_wconf 77' lang='grc' dir='ltr'>ὁμοῦ</span> <span class='ocrx_word' id='word_1_153' title='bbox 560 2557 606 2624; x_wconf 80' lang='grc' dir='ltr'>γὰρ</span> <span class='ocrx_word' id='word_1_154' title='bbox 618 2552 646 2611; x_wconf 73' lang='lat' dir='ltr'>ale</span> <span class='ocrx_word' id='word_1_155' title='bbox 728 2560 751 2604; x_wconf 85' lang='lat'>8.</span> <span class='ocrx_word' id='word_1_156' title='bbox 766 2557 813 2604; x_wconf 86' lang='lat' dir='ltr'>Hic</span> <span class='ocrx_word' id='word_1_157' title='bbox 824 2557 871 2604; x_wconf 81' lang='lat' dir='ltr'>erit</span> <span class='ocrx_word' id='word_1_158' title='bbox 877 2557 985 2621; x_wconf 83' lang='lat' dir='ltr'>juvenis,</span> <span class='ocrx_word' id='word_1_159' title='bbox 999 2568 1058 2616; x_wconf 86' lang='lat' dir='ltr'>etc.;</span> <span class='ocrx_word' id='word_1_160' title='bbox 1069 2559 1102 2605; x_wconf 86' lang='lat' dir='ltr'>ita</span> <span class='ocrx_word' id='word_1_161' title='bbox 1114 2560 1202 2623; x_wconf 89' lang='lat' dir='ltr'>optimi</span> 
     </span>
     <span class='ocr_line' id='line_1_22' title="bbox 139 2630 1204 2705; baseline -0.001 -19"><span class='ocrx_word' id='word_1_162' title='bbox 139 2636 281 2705; x_wconf 77' lang='grc' dir='ltr'>ἱππομαχία</span> <span class='ocrx_word' id='word_1_163' title='bbox 312 2635 353 2688; x_wconf 86' lang='grc' dir='ltr'>καὶ</span> <span class='ocrx_word' id='word_1_164' title='bbox 380 2636 521 2703; x_wconf 77' lang='grc' dir='ltr'>πεζομαχία</span> <span class='ocrx_word' id='word_1_165' title='bbox 548 2630 592 2686; x_wconf 74' lang='lat' dir='ltr'>daei</span> <span class='ocrx_word' id='word_1_166' title='bbox 619 2637 646 2686; x_wconf 84' lang='grc' dir='ltr'>τὸ</span> <span class='ocrx_word' id='word_1_167' title='bbox 691 2635 1204 2699; x_wconf 80' lang='lat' dir='ltr'>MSSprovulg.erat,probbGronovio,</span> 
     </span>
     <span class='ocr_line' id='line_1_23' title="bbox 139 2711 1202 2783; baseline -0.001 -18"><span class='ocrx_word' id='word_1_168' title='bbox 139 2720 228 2774; x_wconf 73' lang='grc' dir='ltr'>πλῆθος</span> <span class='ocrx_word' id='word_1_169' title='bbox 246 2721 293 2766; x_wconf 76' lang='grc' dir='ltr'>τῶν</span> <span class='ocrx_word' id='word_1_170' title='bbox 312 2711 583 2783; x_wconf 68' lang='grc' dir='ltr'>παρακαταῧαινόντων</span> <span class='ocrx_word' id='word_1_171' title='bbox 604 2714 646 2766; x_wconf 84' lang='grc' dir='ltr'>ἀν·</span> <span class='ocrx_word' id='word_1_172' title='bbox 690 2715 765 2763; x_wconf 85' lang='lat' dir='ltr'>Drak.</span> <span class='ocrx_word' id='word_1_173' title='bbox 780 2726 804 2762; x_wconf 88' lang='lat' dir='ltr'>et</span> <span class='ocrx_word' id='word_1_174' title='bbox 818 2714 924 2772; x_wconf 69' lang='lat' dir='ltr'>Stroth,</span> <span class='ocrx_word' id='word_1_175' title='bbox 937 2726 1051 2778; x_wconf 86' lang='lat' dir='ltr'>tanquam</span> <span class='ocrx_word' id='word_1_176' title='bbox 1062 2715 1168 2764; x_wconf 85' lang='lat' dir='ltr'>vividius</span> <span class='ocrx_word' id='word_1_177' title='bbox 1177 2728 1202 2764; x_wconf 89' lang='lat' dir='ltr'>et</span> 
     </span>
     <span class='ocr_line' id='line_1_24' title="bbox 139 2788 1202 2863; baseline -0.001 -20"><span class='ocrx_word' id='word_1_178' title='bbox 139 2788 203 2861; x_wconf 68' lang='grc' dir='ltr'>δρῶν</span> <span class='ocrx_word' id='word_1_179' title='bbox 222 2796 244 2844; x_wconf 78' lang='lat' dir='ltr'>t&#39;v</span> <span class='ocrx_word' id='word_1_180' title='bbox 266 2796 328 2861; x_wconf 80' lang='grc' dir='ltr'>αὐτῇ</span> <span class='ocrx_word' id='word_1_181' title='bbox 345 2798 376 2861; x_wconf 83' lang='grc' dir='ltr'>τῇ</span> <span class='ocrx_word' id='word_1_182' title='bbox 394 2795 462 2863; x_wconf 80' lang='grc' dir='ltr'>μάχῃ</span> <span class='ocrx_word' id='word_1_183' title='bbox 485 2796 572 2859; x_wconf 74' lang='lat' dir='ltr'>Polyb</span> <span class='ocrx_word' id='word_1_184' title='bbox 594 2796 610 2844; x_wconf 91' lang='lat' dir='ltr'>l.</span> <span class='ocrx_word' id='word_1_185' title='bbox 630 2797 646 2845; x_wconf 94' lang='lat' dir='ltr'>l.</span> <span class='ocrx_word' id='word_1_186' title='bbox 692 2794 850 2855; x_wconf 86' lang='lat' dir='ltr'>praesentius,</span> <span class='ocrx_word' id='word_1_187' title='bbox 865 2795 921 2856; x_wconf 84' lang='lat' dir='ltr'>quia</span> <span class='ocrx_word' id='word_1_188' title='bbox 939 2793 970 2840; x_wconf 90' lang='lat' dir='ltr'>sit</span> <span class='ocrx_word' id='word_1_189' title='bbox 983 2794 1064 2840; x_wconf 87' lang='lat' dir='ltr'>futura</span> <span class='ocrx_word' id='word_1_190' title='bbox 1077 2810 1135 2857; x_wconf 87' lang='lat' dir='ltr'>pars</span> <span class='ocrx_word' id='word_1_191' title='bbox 1149 2811 1202 2842; x_wconf 81' lang='lat' dir='ltr'>nar-</span> 
     </span>
     <span class='ocr_line' id='line_1_25' title="bbox 139 2871 1202 2936; baseline 0.001 -16"><span class='ocrx_word' id='word_1_192' title='bbox 139 2872 212 2920; x_wconf 87' lang='lat' dir='ltr'>Conf.</span> <span class='ocrx_word' id='word_1_193' title='bbox 226 2871 256 2918; x_wconf 80' lang='lat' dir='ltr'>ad</span> <span class='ocrx_word' id='word_1_194' title='bbox 268 2873 312 2920; x_wconf 90' lang='lat' dir='ltr'>lih.</span> <span class='ocrx_word' id='word_1_195' title='bbox 324 2876 374 2932; x_wconf 87' lang='grc' dir='ltr'>ΙΙΙ,</span> <span class='ocrx_word' id='word_1_196' title='bbox 386 2874 432 2931; x_wconf 79' lang='lat'>62,</span> <span class='ocrx_word' id='word_1_197' title='bbox 447 2889 471 2918; x_wconf 88' lang='lat' dir='ltr'>n.</span> <span class='ocrx_word' id='word_1_198' title='bbox 486 2887 511 2932; x_wconf 89' lang='lat'>9.</span> <span class='ocrx_word' id='word_1_199' title='bbox 524 2898 557 2907; x_wconf 95' lang='lat'><em>-</em></span> <span class='ocrx_word' id='word_1_200' title='bbox 571 2873 648 2919; x_wconf 83' lang='lat' dir='ltr'>Notat</span> <span class='ocrx_word' id='word_1_201' title='bbox 670 2877 674 2884; x_wconf 83' lang='lat'><em>&#39;</em></span> <span class='ocrx_word' id='word_1_202' title='bbox 692 2871 806 2930; x_wconf 84' lang='lat' dir='ltr'>rationis,</span> <span class='ocrx_word' id='word_1_203' title='bbox 822 2873 867 2919; x_wconf 90' lang='lat' dir='ltr'>etsi</span> <span class='ocrx_word' id='word_1_204' title='bbox 882 2871 918 2918; x_wconf 90' lang='lat' dir='ltr'>rei</span> <span class='ocrx_word' id='word_1_205' title='bbox 935 2882 1007 2933; x_wconf 80' lang='lat' dir='ltr'>gestae</span> <span class='ocrx_word' id='word_1_206' title='bbox 1020 2874 1161 2936; x_wconf 84' lang='lat' dir='ltr'>praeteritae,</span> <span class='ocrx_word' id='word_1_207' title='bbox 1175 2886 1202 2921; x_wconf 91' lang='lat' dir='ltr'>ut</span> 
     </span>
     <span class='ocr_line' id='line_1_26' title="bbox 139 2947 1203 3015; baseline 0.001 -18"><span class='ocrx_word' id='word_1_208' title='bbox 139 2947 261 2999; x_wconf 80' lang='lat' dir='ltr'>Drakenb.</span> <span class='ocrx_word' id='word_1_209' title='bbox 275 2967 384 3014; x_wconf 84' lang='lat' dir='ltr'>magnam</span> <span class='ocrx_word' id='word_1_210' title='bbox 396 2952 543 3015; x_wconf 86' lang='lat' dir='ltr'>scriptorum</span> <span class='ocrx_word' id='word_1_211' title='bbox 555 2962 647 3013; x_wconf 86' lang='lat' dir='ltr'>partem</span> <span class='ocrx_word' id='word_1_212' title='bbox 692 2949 757 3013; x_wconf 86' lang='lat' dir='ltr'>apud</span> <span class='ocrx_word' id='word_1_213' title='bbox 768 2950 832 2997; x_wconf 86' lang='lat' dir='ltr'>Flor.</span> <span class='ocrx_word' id='word_1_214' title='bbox 843 2953 880 3009; x_wconf 92' lang='grc' dir='ltr'>ΙΙ,</span> <span class='ocrx_word' id='word_1_215' title='bbox 897 2952 926 3008; x_wconf 87' lang='grc'>6,</span> <span class='ocrx_word' id='word_1_216' title='bbox 936 2949 975 2996; x_wconf 78' lang='lat' dir='ltr'>tic</span> <span class='ocrx_word' id='word_1_217' title='bbox 991 2951 1037 2997; x_wconf 82' lang='lat' dir='ltr'>erit</span> <span class='ocrx_word' id='word_1_218' title='bbox 1049 2950 1141 3013; x_wconf 86' lang='lat' dir='ltr'>Scipio,</span> <span class='ocrx_word' id='word_1_219' title='bbox 1160 2952 1203 3014; x_wconf 85' lang='lat' dir='ltr'>qui</span> 
     </span>
     <span class='ocr_line' id='line_1_27' title="bbox 138 3027 1203 3095; baseline 0 -19"><span class='ocrx_word' id='word_1_220' title='bbox 138 3029 195 3076; x_wconf 84' lang='lat' dir='ltr'>dare</span> <span class='ocrx_word' id='word_1_221' title='bbox 204 3029 252 3076; x_wconf 89' lang='lat' dir='ltr'>hoe</span> <span class='ocrx_word' id='word_1_222' title='bbox 262 3030 318 3078; x_wconf 90' lang='lat' dir='ltr'>loco</span> <span class='ocrx_word' id='word_1_223' title='bbox 331 3047 422 3095; x_wconf 80' lang='lat' dir='ltr'>magna</span> <span class='ocrx_word' id='word_1_224' title='bbox 434 3041 546 3092; x_wconf 79' lang='lat' dir='ltr'>exparte</span> <span class='ocrx_word' id='word_1_225' title='bbox 559 3045 647 3092; x_wconf 83' lang='lat' dir='ltr'>anceps</span> <span class='ocrx_word' id='word_1_226' title='bbox 692 3028 716 3074; x_wconf 84' lang='lat' dir='ltr'>in</span> <span class='ocrx_word' id='word_1_227' title='bbox 731 3029 832 3076; x_wconf 79' lang='lat' dir='ltr'>exitium</span> <span class='ocrx_word' id='word_1_228' title='bbox 839 3027 933 3094; x_wconf 74' lang='lat' dir='ltr'>Africae</span> <span class='ocrx_word' id='word_1_229' title='bbox 943 3029 1034 3076; x_wconf 82' lang='lat' dir='ltr'>crescit.</span> <span class='ocrx_word' id='word_1_230' title='bbox 1048 3029 1119 3076; x_wconf 88' lang='lat' dir='ltr'>Conf.</span> <span class='ocrx_word' id='word_1_231' title='bbox 1129 3047 1203 3094; x_wconf 81' lang='lat' dir='ltr'>supra</span> 
     </span>
     <span class='ocr_line' id='line_1_28' title="bbox 131 3107 1201 3173; baseline -0.002 -17"><span class='ocrx_word' id='word_1_232' title='bbox 131 3125 219 3173; x_wconf 76' lang='lat' dir='ltr'>pugna</span> <span class='ocrx_word' id='word_1_233' title='bbox 233 3121 294 3156; x_wconf 78' lang='lat' dir='ltr'>erat.</span> <span class='ocrx_word' id='word_1_234' title='bbox 312 3109 360 3156; x_wconf 86' lang='lat' dir='ltr'>Sed</span> <span class='ocrx_word' id='word_1_235' title='bbox 373 3126 404 3156; x_wconf 87' lang='lat' dir='ltr'>ex</span> <span class='ocrx_word' id='word_1_236' title='bbox 419 3112 473 3156; x_wconf 86' lang='lat' dir='ltr'>Put.</span> <span class='ocrx_word' id='word_1_237' title='bbox 488 3108 560 3154; x_wconf 88' lang='lat' dir='ltr'>dante</span> <span class='ocrx_word' id='word_1_238' title='bbox 572 3107 647 3154; x_wconf 86' lang='lat' dir='ltr'>addes</span> <span class='ocrx_word' id='word_1_239' title='bbox 691 3108 753 3164; x_wconf 81' lang='lat' dir='ltr'>vll,</span> <span class='ocrx_word' id='word_1_240' title='bbox 768 3125 827 3172; x_wconf 85' lang='lat' dir='ltr'>rpr.</span> <span class='ocrx_word' id='word_1_241' title='bbox 838 3119 863 3155; x_wconf 90' lang='lat' dir='ltr'>et</span> <span class='ocrx_word' id='word_1_242' title='bbox 876 3110 921 3154; x_wconf 89' lang='lat' dir='ltr'>Ov.</span> <span class='ocrx_word' id='word_1_243' title='bbox 936 3110 1000 3153; x_wconf 85' lang='lat' dir='ltr'>Fast.</span> <span class='ocrx_word' id='word_1_244' title='bbox 1013 3108 1050 3164; x_wconf 88' lang='lat'>11,</span> <span class='ocrx_word' id='word_1_245' title='bbox 1068 3107 1126 3153; x_wconf 89' lang='grc'>386.</span> <span class='ocrx_word' id='word_1_246' title='bbox 1143 3110 1201 3154; x_wconf 86' lang='lat' dir='ltr'>Per·</span> 
     </span>
     <span class='ocr_line' id='line_1_29' title="bbox 135 3183 1202 3251; baseline -0.003 -17"><span class='ocrx_word' id='word_1_247' title='bbox 135 3202 181 3251; x_wconf 83' lang='lat' dir='ltr'>pro</span> <span class='ocrx_word' id='word_1_248' title='bbox 196 3204 298 3251; x_wconf 85' lang='lat' dir='ltr'>anceps,</span> <span class='ocrx_word' id='word_1_249' title='bbox 315 3199 400 3235; x_wconf 86' lang='lat' dir='ltr'>acutos</span> <span class='ocrx_word' id='word_1_250' title='bbox 409 3187 521 3234; x_wconf 87' lang='lat' dir='ltr'>librarios</span> <span class='ocrx_word' id='word_1_251' title='bbox 532 3186 648 3233; x_wconf 85' lang='lat' dir='ltr'>struxisse</span> <span class='ocrx_word' id='word_1_252' title='bbox 691 3202 773 3248; x_wconf 85' lang='lat' dir='ltr'>peram</span> <span class='ocrx_word' id='word_1_253' title='bbox 786 3198 866 3234; x_wconf 84' lang='lat' dir='ltr'>autem</span> <span class='ocrx_word' id='word_1_254' title='bbox 880 3185 972 3232; x_wconf 85' lang='lat' dir='ltr'>Stroth.</span> <span class='ocrx_word' id='word_1_255' title='bbox 982 3183 1101 3246; x_wconf 82' lang='lat' dir='ltr'>jungebat</span> <span class='ocrx_word' id='word_1_256' title='bbox 1115 3183 1202 3248; x_wconf 79' lang='lat' dir='ltr'>laicju-</span> 
     </span>
     <span class='ocr_line' id='line_1_30' title="bbox 136 3262 1201 3331; baseline -0.002 -19"><span class='ocrx_word' id='word_1_257' title='bbox 136 3266 172 3312; x_wconf 85' lang='lat' dir='ltr'>ad</span> <span class='ocrx_word' id='word_1_258' title='bbox 179 3266 268 3331; x_wconf 78' lang='lat' dir='ltr'>pedes,</span> <span class='ocrx_word' id='word_1_259' title='bbox 289 3266 358 3330; x_wconf 86' lang='lat' dir='ltr'>quod</span> <span class='ocrx_word' id='word_1_260' title='bbox 368 3282 453 3313; x_wconf 90' lang='lat' dir='ltr'>omnes</span> <span class='ocrx_word' id='word_1_261' title='bbox 467 3264 557 3312; x_wconf 88' lang='lat' dir='ltr'>deinde</span> <span class='ocrx_word' id='word_1_262' title='bbox 570 3265 647 3311; x_wconf 85' lang='lat' dir='ltr'>secuti</span> <span class='ocrx_word' id='word_1_263' title='bbox 692 3264 754 3310; x_wconf 81' lang='lat' dir='ltr'>venis</span> <span class='ocrx_word' id='word_1_264' title='bbox 765 3263 897 3326; x_wconf 84' lang='lat' dir='ltr'>Africanus</span> <span class='ocrx_word' id='word_1_265' title='bbox 910 3263 1046 3325; x_wconf 83' lang='lat' dir='ltr'>appellatus</span> <span class='ocrx_word' id='word_1_266' title='bbox 1060 3262 1113 3308; x_wconf 81' lang='lat' dir='ltr'>erit.</span> <span class='ocrx_word' id='word_1_267' title='bbox 1128 3265 1201 3310; x_wconf 91' lang='lat' dir='ltr'>Imo:</span> 
     </span>
     <span class='ocr_line' id='line_1_31' title="bbox 136 3339 1202 3408; baseline -0.006 -16"><span class='ocrx_word' id='word_1_268' title='bbox 136 3356 210 3404; x_wconf 84' lang='lat' dir='ltr'>sunt3</span> <span class='ocrx_word' id='word_1_269' title='bbox 227 3361 279 3392; x_wconf 88' lang='lat' dir='ltr'>non</span> <span class='ocrx_word' id='word_1_270' title='bbox 295 3345 358 3392; x_wconf 86' lang='lat' dir='ltr'>male</span> <span class='ocrx_word' id='word_1_271' title='bbox 373 3345 481 3408; x_wconf 86' lang='lat' dir='ltr'>quidem.</span> <span class='ocrx_word' id='word_1_272' title='bbox 496 3345 541 3390; x_wconf 86' lang='lat' dir='ltr'>Eo.</span> <span class='ocrx_word' id='word_1_273' title='bbox 685 3340 791 3404; x_wconf 83' lang='lat' dir='ltr'>juvenis,</span> <span class='ocrx_word' id='word_1_274' title='bbox 804 3342 847 3404; x_wconf 91' lang='lat' dir='ltr'>qui</span> <span class='ocrx_word' id='word_1_275' title='bbox 858 3351 943 3405; x_wconf 86' lang='lat' dir='ltr'>postea</span> <span class='ocrx_word' id='word_1_276' title='bbox 952 3339 1202 3404; x_wconf 74' lang='lat' dir='ltr'>Africanusappella-</span> 
     </span>
    </p>

    <p class='ocr_par' dir='ltr' id='par_1_5' title="bbox 130 3417 1202 4115">
     <span class='ocr_line' id='line_1_32' title="bbox 173 3417 1202 3487; baseline -0.006 -17"><span class='ocrx_word' id='word_1_277' title='bbox 173 3438 196 3482; x_wconf 81' lang='lat'>7.</span> <span class='ocrx_word' id='word_1_278' title='bbox 214 3425 398 3486; x_wconf 84' lang='lat' dir='ltr'>Periculumque</span> <span class='ocrx_word' id='word_1_279' title='bbox 419 3420 554 3487; x_wconf 85' lang='lat' dir='ltr'>(consulis)</span> <span class='ocrx_word' id='word_1_280' title='bbox 573 3422 646 3468; x_wconf 82' lang='lat' dir='ltr'>inter·</span> <span class='ocrx_word' id='word_1_281' title='bbox 691 3431 728 3465; x_wconf 80' lang='lat' dir='ltr'>tus</span> <span class='ocrx_word' id='word_1_282' title='bbox 742 3429 785 3465; x_wconf 89' lang='lat' dir='ltr'>est.</span> <span class='ocrx_word' id='word_1_283' title='bbox 801 3420 885 3480; x_wconf 85' lang='lat' dir='ltr'>Itaque</span> <span class='ocrx_word' id='word_1_284' title='bbox 898 3418 930 3465; x_wconf 91' lang='lat' dir='ltr'>ob</span> <span class='ocrx_word' id='word_1_285' title='bbox 941 3417 1053 3482; x_wconf 87' lang='lat' dir='ltr'>partieip.</span> <span class='ocrx_word' id='word_1_286' title='bbox 1064 3419 1202 3481; x_wconf 83' lang='lat' dir='ltr'>appellatus</span> 
     </span>
     <span class='ocr_line' id='line_1_33' title="bbox 136 3496 1201 3565; baseline -0.004 -18"><span class='ocrx_word' id='word_1_287' title='bbox 136 3516 207 3549; x_wconf 84' lang='lat' dir='ltr'>cursu</span> <span class='ocrx_word' id='word_1_288' title='bbox 233 3513 282 3549; x_wconf 84' lang='lat' dir='ltr'>tum</span> <span class='ocrx_word' id='word_1_289' title='bbox 302 3503 410 3565; x_wconf 82' lang='lat' dir='ltr'>primum</span> <span class='ocrx_word' id='word_1_290' title='bbox 427 3501 578 3564; x_wconf 84' lang='lat' dir='ltr'>pubescentis</span> <span class='ocrx_word' id='word_1_291' title='bbox 596 3499 647 3565; x_wconf 78' lang='lat' dir='ltr'>filii</span> <span class='ocrx_word' id='word_1_292' title='bbox 690 3513 741 3544; x_wconf 88' lang='lat' dir='ltr'>non</span> <span class='ocrx_word' id='word_1_293' title='bbox 752 3497 927 3545; x_wconf 86' lang='lat' dir='ltr'>restituendum</span> <span class='ocrx_word' id='word_1_294' title='bbox 940 3496 1005 3560; x_wconf 86' lang='lat' dir='ltr'>vulg.</span> <span class='ocrx_word' id='word_1_295' title='bbox 1019 3508 1073 3542; x_wconf 86' lang='lat' dir='ltr'>erat</span> <span class='ocrx_word' id='word_1_296' title='bbox 1085 3496 1201 3544; x_wconf 84' lang='lat' dir='ltr'>suadente</span> 
     </span>
     <span class='ocr_line' id='line_1_34' title="bbox 130 3576 807 3657; baseline 0 -32"><span class='ocrx_word' id='word_1_297' title='bbox 130 3581 314 3657; x_wconf 74' lang='lat' dir='ltr'>propulsatum,</span> <span class='ocrx_word' id='word_1_298' title='bbox 324 3597 337 3628; x_wconf 83' lang='lat' dir='ltr'>a</span> <span class='ocrx_word' id='word_1_299' title='bbox 346 3579 398 3628; x_wconf 87' lang='lat' dir='ltr'>filio</span> <span class='ocrx_word' id='word_1_300' title='bbox 407 3582 483 3627; x_wconf 79' lang='lat' dir='ltr'>xvn</span> <span class='ocrx_word' id='word_1_301' title='bbox 493 3595 570 3627; x_wconf 87' lang='lat' dir='ltr'>annos</span> <span class='ocrx_word' id='word_1_302' title='bbox 579 3591 645 3626; x_wconf 84' lang='lat' dir='ltr'>nato.</span> <span class='ocrx_word' id='word_1_303' title='bbox 690 3576 807 3639; x_wconf 82' lang='lat' dir='ltr'>Doering.</span> 
     </span>
     <span class='ocr_line' id='line_1_35' title="bbox 135 3653 1201 3720; baseline -0.008 -13"><span class='ocrx_word' id='word_1_304' title='bbox 135 3658 228 3707; x_wconf 83' lang='lat' dir='ltr'>Confei</span> <span class='ocrx_word' id='word_1_305' title='bbox 238 3659 270 3706; x_wconf 79' lang='lat' dir='ltr'>ad</span> <span class='ocrx_word' id='word_1_306' title='bbox 281 3661 383 3717; x_wconf 76' lang='lat' dir='ltr'>XXVI,</span> <span class='ocrx_word' id='word_1_307' title='bbox 402 3661 445 3717; x_wconf 85' lang='lat'>18,</span> <span class='ocrx_word' id='word_1_308' title='bbox 455 3676 480 3705; x_wconf 90' lang='lat' dir='ltr'>n.</span> <span class='ocrx_word' id='word_1_309' title='bbox 493 3659 522 3716; x_wconf 82' lang='lat'>53</span> <span class='ocrx_word' id='word_1_310' title='bbox 533 3658 597 3704; x_wconf 78' lang='lat' dir='ltr'>Flor.</span> <span class='ocrx_word' id='word_1_311' title='bbox 608 3660 645 3716; x_wconf 91' lang='grc' dir='ltr'>ΙΙ,</span> <span class='ocrx_word' id='word_1_312' title='bbox 726 3671 751 3717; x_wconf 88' lang='lat'>9.</span> <span class='ocrx_word' id='word_1_313' title='bbox 765 3654 850 3720; x_wconf 76' lang='lat' dir='ltr'>Effirse</span> <span class='ocrx_word' id='word_1_314' title='bbox 861 3653 996 3717; x_wconf 52' lang='lat' dir='ltr'>sequendm·</span> <span class='ocrx_word' id='word_1_315' title='bbox 1008 3653 1064 3700; x_wconf 87' lang='lat' dir='ltr'>vide</span> <span class='ocrx_word' id='word_1_316' title='bbox 1074 3653 1138 3712; x_wconf 87' lang='lat' dir='ltr'>adl,</span> <span class='ocrx_word' id='word_1_317' title='bbox 1155 3662 1201 3714; x_wconf 73' lang='grc'>14,</span> 
     </span>
     <span class='ocr_line' id='line_1_36' title="bbox 136 3732 1200 3801; baseline -0.003 -17"><span class='ocrx_word' id='word_1_318' title='bbox 136 3738 163 3796; x_wconf 89' lang='grc'>6;</span> <span class='ocrx_word' id='word_1_319' title='bbox 176 3740 232 3785; x_wconf 86' lang='lat' dir='ltr'>Sen.</span> <span class='ocrx_word' id='word_1_320' title='bbox 243 3737 275 3784; x_wconf 90' lang='lat' dir='ltr'>de</span> <span class='ocrx_word' id='word_1_321' title='bbox 287 3740 347 3785; x_wconf 88' lang='lat' dir='ltr'>Beu.</span> <span class='ocrx_word' id='word_1_322' title='bbox 361 3740 410 3794; x_wconf 90' lang='grc' dir='ltr'>ΙΙΙ,</span> <span class='ocrx_word' id='word_1_323' title='bbox 427 3738 472 3795; x_wconf 74' lang='grc'>33,</span> <span class='ocrx_word' id='word_1_324' title='bbox 484 3737 526 3784; x_wconf 90' lang='lat' dir='ltr'>Sil.</span> <span class='ocrx_word' id='word_1_325' title='bbox 537 3737 582 3796; x_wconf 85' lang='lat' dir='ltr'>IV,</span> <span class='ocrx_word' id='word_1_326' title='bbox 594 3736 645 3792; x_wconf 71' lang='grc'>454</span> <span class='ocrx_word' id='word_1_327' title='bbox 689 3751 714 3782; x_wconf 89' lang='lat' dir='ltr'>n.</span> <span class='ocrx_word' id='word_1_328' title='bbox 731 3751 753 3794; x_wconf 78' lang='lat'>7.</span> <span class='ocrx_word' id='word_1_329' title='bbox 766 3761 800 3770; x_wconf 91' lang='lat'>-—</span> <span class='ocrx_word' id='word_1_330' title='bbox 815 3733 900 3781; x_wconf 68' lang='lat' dir='ltr'>Coelius</span> <span class='ocrx_word' id='word_1_331' title='bbox 918 3732 988 3798; x_wconf 90' lang='lat' dir='ltr'>(vide</span> <span class='ocrx_word' id='word_1_332' title='bbox 999 3733 1031 3778; x_wconf 85' lang='lat' dir='ltr'>ad</span> <span class='ocrx_word' id='word_1_333' title='bbox 1043 3750 1064 3779; x_wconf 91' lang='lat' dir='ltr'>c.</span> <span class='ocrx_word' id='word_1_334' title='bbox 1077 3735 1156 3791; x_wconf 82' lang='lat' dir='ltr'>38,n.</span> <span class='ocrx_word' id='word_1_335' title='bbox 1168 3733 1200 3801; x_wconf 82' lang='lat'>8)</span> 
     </span>
     <span class='ocr_line' id='line_1_37' title="bbox 136 3811 1199 3880; baseline 0.001 -19"><span class='ocrx_word' id='word_1_336' title='bbox 136 3831 171 3877; x_wconf 87' lang='lat' dir='ltr'>sq.</span> <span class='ocrx_word' id='word_1_337' title='bbox 185 3817 250 3879; x_wconf 87' lang='lat' dir='ltr'>inpr.</span> <span class='ocrx_word' id='word_1_338' title='bbox 261 3816 352 3880; x_wconf 79' lang='lat' dir='ltr'>-Potyb,</span> <span class='ocrx_word' id='word_1_339' title='bbox 363 3818 400 3872; x_wconf 81' lang='lat' dir='ltr'>X,</span> <span class='ocrx_word' id='word_1_340' title='bbox 419 3817 447 3874; x_wconf 89' lang='grc'>3,</span> <span class='ocrx_word' id='word_1_341' title='bbox 458 3815 502 3863; x_wconf 93' lang='lat' dir='ltr'>ubi</span> <span class='ocrx_word' id='word_1_342' title='bbox 512 3815 599 3863; x_wconf 82' lang='lat' dir='ltr'>Laelius</span> <span class='ocrx_word' id='word_1_343' title='bbox 610 3827 646 3863; x_wconf 86' lang='lat' dir='ltr'>te·</span> <span class='ocrx_word' id='word_1_344' title='bbox 691 3813 762 3858; x_wconf 84' lang='lat' dir='ltr'>decus</span> <span class='ocrx_word' id='word_1_345' title='bbox 776 3813 812 3860; x_wconf 85' lang='lat' dir='ltr'>ad</span> <span class='ocrx_word' id='word_1_346' title='bbox 823 3827 914 3858; x_wconf 85' lang='lat' dir='ltr'>servum</span> <span class='ocrx_word' id='word_1_347' title='bbox 925 3811 1036 3874; x_wconf 77' lang='lat' dir='ltr'>delegat,·</span> <span class='ocrx_word' id='word_1_348' title='bbox 1051 3812 1100 3860; x_wconf 88' lang='lat' dir='ltr'>vid.</span> <span class='ocrx_word' id='word_1_349' title='bbox 1110 3813 1142 3860; x_wconf 86' lang='lat' dir='ltr'>ad</span> <span class='ocrx_word' id='word_1_350' title='bbox 1150 3815 1199 3870; x_wconf 84' lang='lat' dir='ltr'>Vl,</span> 
     </span>
     <span class='ocr_line' id='line_1_38' title="bbox 137 3892 812 3957; baseline -0.003 -17"><span class='ocrx_word' id='word_1_351' title='bbox 137 3894 179 3940; x_wconf 87' lang='lat' dir='ltr'>stis</span> <span class='ocrx_word' id='word_1_352' title='bbox 192 3894 326 3942; x_wconf 85' lang='lat' dir='ltr'>advocatur</span> <span class='ocrx_word' id='word_1_353' title='bbox 338 3894 411 3954; x_wconf 87' lang='lat' dir='ltr'>hujus</span> <span class='ocrx_word' id='word_1_354' title='bbox 425 3895 472 3952; x_wconf 86' lang='lat' dir='ltr'>rei,</span> <span class='ocrx_word' id='word_1_355' title='bbox 483 3910 536 3957; x_wconf 82' lang='lat' dir='ltr'>quae</span> <span class='ocrx_word' id='word_1_356' title='bbox 547 3895 599 3952; x_wconf 92' lang='lat' dir='ltr'>III,</span> <span class='ocrx_word' id='word_1_357' title='bbox 612 3893 645 3941; x_wconf 82' lang='lat'>65</span> <span class='ocrx_word' id='word_1_358' title='bbox 692 3892 739 3948; x_wconf 83' lang='lat'>28,</span> <span class='ocrx_word' id='word_1_359' title='bbox 750 3906 775 3936; x_wconf 88' lang='lat' dir='ltr'>n.</span> <span class='ocrx_word' id='word_1_360' title='bbox 786 3893 812 3938; x_wconf 77' lang='grc'>’3.</span> 
     </span>
     <span class='ocr_line' id='line_1_39' title="bbox 134 3967 1199 4038; baseline -0.002 -20"><span class='ocrx_word' id='word_1_361' title='bbox 134 3973 163 4018; x_wconf 86' lang='lat' dir='ltr'>in</span> <span class='ocrx_word' id='word_1_362' title='bbox 186 3971 250 4020; x_wconf 89' lang='lat' dir='ltr'>illius</span> <span class='ocrx_word' id='word_1_363' title='bbox 272 3989 361 4038; x_wconf 80' lang='lat' dir='ltr'>pugnae</span> <span class='ocrx_word' id='word_1_364' title='bbox 386 3972 524 4020; x_wconf 86' lang='lat' dir='ltr'>narratione</span> <span class='ocrx_word' id='word_1_365' title='bbox 548 3972 645 4020; x_wconf 86' lang='lat' dir='ltr'>silentio</span> <span class='ocrx_word' id='word_1_366' title='bbox 728 3984 768 4016; x_wconf 79' lang='grc' dir='ltr'>ιο.</span> <span class='ocrx_word' id='word_1_367' title='bbox 778 3970 855 4014; x_wconf 86' lang='lat' dir='ltr'>Fama</span> <span class='ocrx_word' id='word_1_368' title='bbox 863 3967 1199 4029; x_wconf 54' lang='lat' dir='ltr'>obtiminevincitnahoe.</span> 
     </span>
     <span class='ocr_line' id='line_1_40' title="bbox 136 4046 997 4115; baseline -0.006 -17"><span class='ocrx_word' id='word_1_369' title='bbox 136 4052 343 4113; x_wconf 78' lang='lat' dir='ltr'>praetermittimr,</span> <span class='ocrx_word' id='word_1_370' title='bbox 354 4051 402 4097; x_wconf 87' lang='lat' dir='ltr'>nisi</span> <span class='ocrx_word' id='word_1_371' title='bbox 413 4051 496 4114; x_wconf 86' lang='lat' dir='ltr'>potius</span> <span class='ocrx_word' id='word_1_372' title='bbox 507 4050 580 4112; x_wconf 77' lang='lat' dir='ltr'>hujus</span> <span class='ocrx_word' id='word_1_373' title='bbox 593 4065 647 4115; x_wconf 83' lang='lat' dir='ltr'>par·</span> <span class='ocrx_word' id='word_1_374' title='bbox 691 4050 725 4097; x_wconf 76' lang='lat' dir='ltr'>At</span> <span class='ocrx_word' id='word_1_375' title='bbox 736 4047 801 4096; x_wconf 80' lang='lat' dir='ltr'>cous.</span> <span class='ocrx_word' id='word_1_376' title='bbox 812 4046 878 4105; x_wconf 82' lang='lat' dir='ltr'>adl,</span> <span class='ocrx_word' id='word_1_377' title='bbox 893 4054 921 4104; x_wconf 80' lang='grc'>4,</span> <span class='ocrx_word' id='word_1_378' title='bbox 935 4063 961 4094; x_wconf 87' lang='lat' dir='ltr'>n.</span> <span class='ocrx_word' id='word_1_379' title='bbox 973 4062 997 4108; x_wconf 84' lang='lat'>9.</span> 
     </span>
    </p>
   </div>
   <div class='ocr_carea' id='block_1_4' title="bbox 0 0 1396 4568">
    <p class='ocr_par' dir='ltr' id='par_1_6' title="bbox 0 0 1396 4568">
     <span class='ocr_line' id='line_1_41' title="bbox 0 0 1396 4568; baseline 0 2"><span class='ocrx_word' id='word_1_380' title='bbox 0 0 1396 4568; x_wconf 95' lang='lat' dir='ltr'> </span> 
     </span>
    </p>
   </div>
  </div>
 </body>
</html>
