2782 4568
170 265 293 366 2:232:
318 286 410 352 nm.
433 287 559 354 xxn.
583 285 687 354 cle.
710 285 861 352 xtvn.
884 286 1055 353 xnvm.
1129 285 1192 356 τοι

144 407 274 479 deinde
288 432 328 477 ac
342 404 482 504 trepide
499 403 737 477 referentibus
751 404 881 502 pedem
898 405 1080 493 insistere,
1094 431 1135 478 ac
1149 421 1197 480 te·

144 542 233 589 nore
253 521 356 587 unul
372 541 437 613 per
456 540 615 613 praeceps
635 541 767 613 pavore
784 514 999 612 fugientium
1018 540 1146 612 agmen
1159 518 1197 588 in

138 626 298 696 mediam
319 627 477 723 primum
496 626 609 696 aciem
630 625 736 712 illati,
763 639 966 723 postremo,
991 624 1092 694 nullo
1110 626 1198 697 resi-

143 749 278 822 stente,
293 736 337 805 ad
352 735 510 806 subsidia
518 733 685 806 Afrorum
697 732 712 777 ⁵
725 750 986 832 pervenerunt,
1001 737 1065 832 qui
1078 736 1200 806 utrim-

143 867 215 941 que
235 844 392 915 reductis
413 845 476 914 alis
496 846 751 933 constiterant,
775 845 911 932 media,
932 870 1004 941 qua
1024 844 1117 915 Galli
1135 847 1199 915 Hi-

141 954 317 1049 spanique
335 967 525 1040 steterant,
543 954 768 1050 aliquantum
781 955 1010 1052 prominente
1025 955 1100 1025 acie
1114 957 1198 1051 :qui

141 1087 279 1134 cuncus
291 1076 332 1132 ut
345 1063 470 1160 pulsus
481 1063 633 1160 aequavit
645 1062 802 1135 frontem
815 1065 991 1160 primum,
1004 1064 1136 1135 deinde
1149 1064 1199 1133 ni·

141 1171 252 1242 tendo
274 1172 382 1242 etiam
405 1173 523 1241 sinum
546 1173 584 1242 in
605 1172 727 1244 medio
750 1172 848 1243 dedit
862 1169 895 1262 ⁶,
916 1171 990 1244 Afri
1013 1175 1105 1244 circa
1124 1174 1197 1268 jam

61 1337 65 1344 .
141 1304 278 1350 cornua
298 1278 483 1368 fecerant3
504 1280 799 1378 irruentibusque
820 1284 962 1353 incaute
982 1283 1020 1354 in
1037 1283 1197 1354 medium

140 1390 326 1477 Romanis,
342 1389 609 1461 circumdedere
627 1390 699 1461 alas
711 1417 718 1460 :
729 1416 830 1480 mox,
846 1416 983 1462 cornua
1001 1391 1198 1463 extenden-

140 1496 204 1586 do,
217 1497 376 1569 clausere
390 1513 426 1568 et
438 1497 484 1568 ab
497 1513 598 1596 tergo
609 1498 741 1571 hostes.
755 1502 847 1571 Hinc
856 1501 1023 1585 Romani,
1036 1497 1198 1571 defuncti

141 1607 389 1704 nequidquam
403 1608 526 1705 praelio
540 1634 615 1679 uno
627 1621 653 1696 ⁷,
668 1611 806 1683 omissis
823 1610 933 1682 Gallis
945 1611 1197 1706 Hispanisque,

142 1741 298 1813 quorum
316 1731 415 1815 terga
430 1716 653 1806 ceciderant,
671 1734 708 1790 et
723 1718 892 1791 adversus
904 1717 1009 1798 Afros
1024 1720 1198 1816 integram

140 1851 299 1924 pugnam
319 1827 467 1914 ineunt,
487 1852 564 1897 non
587 1842 727 1899 tantum
747 1854 791 1901 eo
814 1830 997 1925 iniquam,
1019 1828 1119 1923 quod
1141 1829 1198 1897 in-

141 1937 231 2008 clusi
247 1936 416 2008 adversus
434 1936 687 2026 circumfusos,
704 1937 767 2010 sed
783 1940 890 2010 etiam
906 1937 1007 2035 quod
1018 1935 1101 2009 fessi
1115 1962 1198 2008 eum

141 2046 347 2120 recentibus
367 2072 407 2118 ac
424 2047 558 2143 vegetis
578 2046 797 2145 pugnabant.

189 2160 348 2227 XLVIII.
370 2162 449 2227 Iam
468 2170 504 2227 et
523 2157 666 2227 sinistro
688 2182 805 2228 cornu
821 2155 991 2227 Romanis
1005 2153 1116 2243 ¹,·ubi
1138 2179 1198 2224 so·

142 2267 280 2336 ciorum
300 2266 438 2361 equites
457 2266 625 2338 adversus
642 2267 816 2339 Numidas
835 2280 1027 2352 steterant,
1050 2289 1197 2336 conscr-

176 2461 201 2508 4.
216 2453 348 2499 Antenore
358 2469 406 2498 uno
416 2451 487 2518 (vide
499 2451 531 2499 ad
540 2453 574 2510 V,
585 2452 609 2512 5,
619 2468 646 2500 ιι.
689 2465 770 2502 vocat.
784 2456 814 2500 In
827 2453 858 2501 it·
873 2469 927 2520 quaa
940 2463 1086 2516 sequuntur,
1100 2450 1139 2498 bae
1151 2467 1197 2498 aar·

141 2530 156 2578 5
162 2528 172 2594 )
181 2547 229 2595 per
239 2546 326 2596 agmen
331 2530 480 2596 fitgientium
485 2545 595 2594 praeeeps
601 2546 648 2593 pu·
691 2533 746 2580 dem
755 2549 829 2581 voees
840 2549 922 2580 rursus
933 2532 1070 2596 promiscue
1078 2544 1198 2594 usurpen-

140 2625 209 2665 uore,
235 2609 268 2657 ob
296 2625 412 2672 pavorem
432 2607 554 2672 praecipiti
575 2624 647 2656 eursu
690 2621 737 2658 tur.
751 2613 797 2658 En.
935 2671 938 2676 ‚

140 2703 227 2747 rucns;
241 2688 315 2734 Doer.
726 2692 751 2739 6.
767 2689 861 2738 Deinde
875 2689 973 2737 nitendo
991 2687 1065 2734 etiam
1080 2686 1158 2733 sinum
1172 2687 1198 2734 in

176 2766 199 2813 5.
214 2766 258 2812 Ad
269 2764 376 2812 subsidua
387 2763 504 2829 Afrorum
520 2763 601 2831 (conf.
615 2766 647 2814 ud
690 2768 769 2815 medio
784 2767 853 2815 dedic
866 2784 967 2824 cuneus,
981 2767 1008 2814 id
1020 2777 1069 2825 est,
1081 2765 1199 2813 Romanis

139 2846 176 2901 11,
190 2861 237 2903 ao,
249 2861 274 2891 n.
287 2844 314 2910 ι)
323 2854 496 2908 peruenerunt,
512 2843 556 2907 qui
566 2843 647 2891 um'm·
690 2847 758 2893 omni
773 2846 861 2893 virium
876 2846 932 2892 ιιὶιιι
948 2844 1108 2901 instantibus3
1121 2845 1196 2891 Doer.

141 2938 202 2985 que,
216 2923 243 2969 In
256 2934 361 2986 utroque
377 2937 469 2979 cornu,
484 2921 589 2968 reductis
601 2921 647 2970 alis
690 2925 833 2974 Nitentibus
839 2923 1197 2986 Romaninnisuimpulsusad·

140 3001 309 3058 constiterant,
319 3001 417 3064 longine
427 2999 515 3048 remoti
525 3016 539 3046 a
549 3015 648 3049 romana
690 3019 760 3050 verso
773 3018 780 3051 :
793 3014 831 3050 est
844 3004 914 3066 quasi
927 3001 1070 3066 hypallage,
1088 3012 1115 3048 ut
1131 3000 1198 3064 apud

140 3079 204 3137 acie,
213 3080 294 3128 media
302 3080 429 3128 Gallorum
437 3078 648 3142 Hispanommque
689 3082 759 3144 Virg.
772 3082 863 3143 Geor-g.
878 3083 930 3137 ΙΙΙ,
946 3078 1010 3137 ιι5,
1024 3078 1075 3124 nn't
1088 3079 1198 3125 videndo

134 3174 215 3220 prom.
223 3158 309 3205 aciein
315 3157 503 3215 modumcunei,
511 3158 647 3207 vellunulae
683 3158 794 3224 femina,
807 3159 824 3206 i.
834 3175 855 3205 e.
866 3173 929 3221 equo
941 3173 1007 3204 mare
1018 3173 1069 3204 eam
1084 3155 1198 3222 (equam)

141 3226 182 3302 (ἐν
204 3232 325 3304 μηνοειδεῖ
345 3236 471 3306 σχήματι,
491 3239 530 3287 vel
550 3237 583 3295 εἰς
604 3242 646 3288 τοῦ
691 3237 800 3295 viduatu
813 3239 927 3284 Bauerus.
938 3240 1010 3283 Forte
1021 3235 1068 3298 leg.
1080 3234 1196 3283 cedendo.

141 3316 255 3383 μηνίσκοο
276 3318 304 3368 τὸ
324 3305 476 3387 κύρτωμα),
495 3329 521 3367 et
539 3335 646 3367 romanae
690 3305 810 3386 liudpeaoi
826 3333 853 3383 γε
871 3315 963 3374 τούτοις
980 3314 1000 3364 οἱ
1017 3300 1140 3383 lupulae,
1154 3312 1196 3366 nul

140 3396 435 3458 propiosadmota.Conf.
444 3395 644 3461 Polyb.lII,113
689 3396 858 3464 συντρέχοντος
882 3393 922 3446 ἐπὶ
943 3391 977 3444 τὰ
1002 3393 1067 3461 μέσοι
1091 3391 1133 3444 καὶ
1156 3393 1195 3443 τὸν

141 3483 202 3519 extr.
214 3474 271 3530 115,
285 3485 309 3521 et
320 3478 403 3522 Front.
414 3476 487 3522 Strat.
495 3476 534 3532 II,
548 3476 576 3532 3,
588 3490 612 3520 n.
622 3489 644 3533 7.
689 3475 786 3527 οἴκοντοι
797 3473 871 3525 τόπον
887 3479 934 3524 τῶν
949 3471 1085 3540 πολεμίων,
1095 3475 1182 3539 Polyb.

140 3577 176 3586 —
185 3551 293 3599 Creverii
302 3563 359 3600 nota
369 3564 418 3601 est:
428 3555 465 3600 Ita
474 3551 646 3612 constiterant,
725 3569 748 3614 7.
759 3551 874 3619 Deflencti
880 3551 1045 3616 nequidquam
1049 3551 1137 3613 praeb'o
1147 3566 1195 3596 uno

140 3641 168 3676 ut
183 3627 308 3678 efficerent
319 3631 440 3694 utrinque
452 3633 502 3679 alas
514 3632 647 3680 introrsum
690 3648 745 3680 eum
758 3632 834 3680 Gellia
847 3630 1018 3695 Hispanisque.
1033 3629 1096 3676 Mox
1112 3640 1136 3674 et
1149 3643 1196 3692 pro

139 3708 265 3767 reductas,
274 3725 302 3756 ao
312 3709 378 3757 velut
386 3721 512 3770 retractas,
522 3712 647 3760 Gallorum
689 3711 755 3774 vulg.
765 3711 839 3758 οιίαοι
848 3707 932 3774 (quod
941 3709 1016 3757 modo
1026 3707 1161 3773 praecessit,
1172 3718 1198 3756 et

139 3789 352 3852 Hispanorumque
375 3790 426 3836 acie
444 3790 507 3838 ultra
526 3791 579 3837 illas
599 3790 648 3837 elas
690 3785 750 3837 mon
767 3787 891 3854 sequitur)
910 3805 940 3836 ex
960 3787 1060 3852 optimis
1081 3787 1143 3836 Mss
1162 3785 1195 3850 (u

139 3882 190 3913 non
208 3885 293 3931 parum
312 3867 475 3931 prominente.
496 3871 557 3932 Quae
578 3869 648 3933 prius
691 3867 779 3932 quibus
789 3868 861 3916 etiem
871 3868 897 3918 τὸ
906 3867 1023 3932 iutegram
1032 3864 1113 3932 about)
1125 3882 1197 3932 repo·

138 3945 510 4003 Liviusvocavitcornuu,dum
520 3948 649 3995 dicitutra·
691 3946 795 4005 sui,etai
806 3946 878 4010 plane
889 3945 968 3995 delere
978 3944 1068 3993 malim.
1143 3942 1147 3949 ⁴

139 4040 187 4086 que
200 4042 291 4074 cornua
303 4026 419 4082 Afrorum
435 4019 523 4090 fuisse,
537 4027 578 4076 bic
592 4027 647 4075 alas
726 4026 785 4074 Car.
804 4027 918 4073 xtvm.
939 4042 962 4073 1.
984 4029 1041 4073 lum
1058 4035 1083 4072 ee
1101 4022 1198 4072 siuistro
