2782 4568
177 328 248 417 466
600 332 638 397 T·
674 328 814 401 [ΝΠ
1093 316 1234 432 titt}

179 436 282 527 (latos
296 456 425 540 Poen0,
442 465 565 549 captos
580 474 845 549 oppressosque
859 478 880 525 a
892 455 1015 550 paucis
1030 479 1124 528 esse.
1140 461 1259 533 Initio

178 580 258 636 orto
268 567 295 651 ⁴,
310 562 432 659 plures
445 585 527 632 cum
539 560 706 657 pluribus
719 563 890 659 colloqui.
907 568 1099 637 Postremo
1115 585 1261 664 praetor

177 676 324 772 arpinus
342 673 388 743 ab
404 673 478 743 sois
493 671 538 742 ad
556 671 743 743 consulem
759 672 953 762 deductum
973 672 1153 773 fideque⁵
1169 679 1261 750 data

178 786 399 882 intersigna
426 782 612 878 aciesque,
638 783 765 879 Arpini
793 800 943 881 repente
969 809 1036 882 pro
1069 793 1261 862 Romanis

176 895 347 966 adversus
372 892 702 990 Carthaginiensem
733 887 831 963 arma
859 909 1057 965 verterunt.
1094 900 1268 996 Hispani·

176 1029 344 1103 quoque,
366 1003 612 1100 paulominus
632 1001 731 1072 mille
750 1001 932 1090 homines,
954 1004 1045 1074 nihil
1068 1022 1260 1103 praterea

176 1141 259 1187 curn
283 1113 431 1185 consule
456 1115 571 1210 pacti,
602 1136 711 1208 qnam
736 1127 778 1183 ut
803 1114 881 1184 sine
910 1111 1036 1185 fraude
1062 1118 1258 1212 punicum

176 1228 402 1298 emitteretur
426 1222 657 1321 praesidium,
688 1222 732 1292 ad
761 1223 945 1293 consulem
975 1227 1259 1298 transtulerunt

175 1339 287 1435 signa.
312 1332 664 1433 Carthaginiensibus
685 1347 797 1431 portae
820 1330 1022 1430 patefactae,
1046 1322 1257 1434 emissique

174 1472 257 1518 cum
269 1445 341 1516 fide
349 1445 548 1515 incolumes
556 1443 601 1513 atl
609 1441 849 1513 Hannibalem
859 1442 1036 1539 Salapiam
1045 1463 1254 1517 venerunt.

174 1557 261 1655 Arpi
278 1558 355 1627 sine
374 1555 474 1626 clade
492 1553 620 1640 ullius,
637 1567 876 1649 praeterquam
892 1554 1002 1622 unius
1014 1555 1153 1624 veteris
1168 1579 1256 1652 pro

172 1669 315 1755 (litoris,
328 1667 414 1736 novi
428 1659 621 1763 perfugae⁶,
636 1664 792 1733 restituti
805 1663 851 1733 ad
864 1667 1056 1732 Romanos.
1072 1664 1254 1762 Hispanis

144 1828 146 1832 2
172 1778 331 1875 duplicia
345 1773 498 1846 cibaria⁷
516 1773 592 1844 dari
607 1773 725 1867 jussa;
746 1796 930 1870 operaque
951 1796 1080 1842 eorum
1100 1771 1196 1845 forti
1209 1800 1252 1846 ac

173 1885 272 1957 fideli
286 1908 445 1982 persaepe
460 1907 518 1952 res
535 1880 683 1978 publica
700 1906 765 1952 usa
779 1897 841 1952 est.
859 1887 981 1973 Quum
999 1884 1134 1954 consul
1153 1885 1251 1957 alter

171 1998 209 2066 in
224 1993 367 2092 Apulia,
383 1992 472 2063 alter
486 1994 523 2061 in
538 1993 692 2064 Lucanis
705 2008 819 2080 esset;
834 1994 973 2090 equites
988 2008 1142 2063 centum
1157 1995 1250 2066 duo

172 2107 288 2185 decim
314 2102 456 2174 nobiles
481 2104 675 2199 Campani,
703 2125 770 2199 per
796 2105 952 2200 speciem
979 2103 1175 2198 praedandi
1203 2131 1246 2177 ex

171 2216 329 2287 hostium
345 2237 446 2310 agro,
459 2215 637 2311 permissu
649 2209 944 2309 magistratuum8
956 2211 1001 2283 ab
1015 2217 1145 2310 Capua
1162 2241 1245 2312 pro·

169 2327 272 2416 fecti,
291 2325 335 2397 ad
353 2340 467 2396 castra
484 2349 650 2412 romana,
670 2348 750 2419 quae
769 2347 877 2421 super
895 2325 1104 2394 Suessulam
1120 2341 1241 2411 erant,

168 2450 359 2508 venerunt.
376 2436 526 2506 Stationi
540 2434 711 2519 militum,
728 2436 941 2529 quiessent,
959 2433 1153 2522 dixerunt,
1170 2437 1242 2513 col·

169 2547 272 2644 loqui
289 2571 365 2617 sese
383 2570 466 2616 cum
479 2558 631 2641 praetore
644 2543 746 2613 velle.
770 2548 837 2613 Cn.
853 2543 996 2613 Fulvius
1009 2547 1136 2614 castris
1150 2571 1240 2642 prae-

171 2672 247 2727 erat
268 2659 351 2726 :cui
372 2654 436 2725 ubi
458 2655 666 2725 nuntiatum
683 2667 736 2724 est
744 2663 772 2739 9,
794 2652 918 2723 decem
940 2678 984 2722 ex
1010 2677 1053 2721 eo
1077 2678 1239 2725 numero

165 2767 272 2859 jussis
287 2763 485 2837 inermibus
504 2763 635 2834 deduci
654 2762 699 2834 ad
714 2789 769 2848 se,
789 2763 872 2847 ubi,
890 2787 970 2858 quae
987 2762 1239 2859 postularent,

170 2978 174 2987 '
201 2991 227 3037 4.
252 2979 326 3028 Initr'o
344 2990 398 3026 orto
414 2977 608 3042 colloquiorum,
632 2992 675 3024 seu
756 2979 779 3024 8.
790 2964 910 3023 Permissa
920 2973 1109 3040 magistratum
1116 2973 1197 3031 ,wide
1207 2978 1238 3025 acl

166 3059 331 3124 colloquendi.
718 3052 822 3111 xxm,
839 3070 882 3113 10,
904 3071 929 3100 n.
941 3062 966 3109 t.
978 3081 1013 3089 -
1034 3054 1161 3102 Pluralem
1179 3054 1238 3104 bino

201 3140 224 3186 5.
232 3139 338 3202 Fideque
345 3137 419 3192 data,
429 3146 494 3184 certa
502 3134 614 3182 amicitiae
623 3133 676 3198 pol-
719 3149 801 3181 casum
819 3134 933 3195 rejiciunt
956 3133 1068 3180 Gronov.
1088 3145 1113 3181 et
1126 3134 1237 3192 Duker„

164 3218 306 3266 licitatione.
321 3217 410 3265 Confer
428 3216 460 3263 ad
470 3215 571 3271 xxm,
588 3228 630 3275 19,
648 3229 672 3258 n.
717 3213 800 3276 prior,
811 3213 927 3276 quianon
937 3211 985 3258 nisi
994 3226 1071 3257 unum
1082 3201 1180 3275 Capuae
1186 3228 1238 3262 ma·

167 3295 374 3344 ro.-Adrersus
381 3293 602 3358 Carthaginiensem
611 3293 673 3339 MSS
685 3335 688 3338 ,
718 3292 844 3353 gistratum
856 3290 928 3337 fuisse
944 3288 1085 3346 contendit3
1099 3293 1236 3354 posterior,

163 3378 219 3423 Put.
234 3387 258 3422 et
267 3374 380 3424 Cantabr.
394 3366 441 3439 pro
451 3373 516 3436 vulg.
530 3388 556 3419 a.
570 3369 672 3418 Cartha·
717 3369 775 3417 lieet
787 3380 854 3417 ratus
864 3380 953 3433 praeter
966 3367 1160 3416 medetuticum
1174 3370 1236 3420 alios

159 3454 287 3519 ginienses.
297 3453 445 3517 Sicpassim3
458 3463 486 3500 ut
495 3463 520 3499 et
529 3454 617 3497 Poerrus
625 3464 672 3514 pro
716 3450 823 3497 minores
846 3449 999 3512 magistratus
1022 3458 1115 3494 tantam
1146 3450 1236 3499 urben

120 3558 124 3567 ι
161 3534 295 3580 Pornr's.-
308 3531 443 3596 Emissique
463 3530 595 3599 cumfidu
614 3529 671 3576 vide
714 3528 840 3587 babuisse,
865 3528 920 3591 quia
943 3526 1072 3590 probabile
1098 3525 1236 3578 arbitratur

161 3612 193 3659 ad
204 3612 306 3670 xxtrt,
321 3625 365 3672 19,
377 3628 403 3658 n.
419 3626 460 3658 ro.
714 3607 783 3654 booa
791 3607 845 3654 solo
854 3605 1013 3653 medixtutieo
1023 3605 1074 3670 peti
1085 3617 1111 3653 et
1119 3609 1235 3671 permitti

196 3691 220 3738 6.
243 3689 318 3737 Unius
335 3688 423 3736 veteris
441 3686 588 3753 proditoris,
614 3687 670 3733 novi
713 3686 832 3750 potuisse.
840 3685 962 3749 Quoniam
972 3683 1165 3734 tamencodices
1173 3703 1235 3736 eon·

155 3767 278 3832 perfugae,
291 3766 391 3826 Altinii3
403 3766 570 3831 vide'capti.
583 3766 670 3811 -Ile-
713 3775 804 3812 stanter
818 3774 915 3830 serrant
928 3762 1128 3828 magistratuum,
1146 3766 1234 3829 pristi-

158 3846 237 3893 stituti
253 3848 290 3894 od
302 3849 439 3904 Romarm,-
453 3844 509 3893 vide
524 3845 556 3892 ad
566 3844 604 3901 ll,
622 3845 668 3902 13;
712 3858 768 3890 nam
782 3843 913 3891 lectionem
924 3842 999 3890 Drak.
1011 3841 1129 3889 restituit.
1140 3844 1191 3892 Ro.

159 3941 184 3971 n.
200 3933 225 3979 t.
748 3937 773 3983 9.
785 3921 831 3967 Cui
841 3921 883 3967 ubi
892 3920 1029 3967 nuntiatam
1040 3931 1092 3977 est‚·
1102 3922 1173 3988 forte
1184 3924 1233 3989 leg,

196 4000 666 4066 7.Dupliciacibaria,·videad11,59,
713 4012 740 4046 ut
753 4016 799 4064 pro
813 3999 867 4054 ubi,
892 3999 959 4062 quod
979 3998 1018 4046 bis
1037 3999 1152 4062 positum
1164 4002 1235 4051 haud

157 4100 182 4130 n.
197 4083 222 4130 6.
711 4078 799 4142 placet.
812 4079 903 4128 Confer
917 4089 998 4126 tamen
1008 4076 1040 4125 ad
1051 4078 1078 4135 1,
1095 4079 1125 4137 3,
1138 4096 1167 4128 n.
1184 4084 1209 4129 8.

1297 4158 1315 4189 ο
