2782 4568
1085 308 1111 345 Α.
1124 306 1149 347 C.
1165 309 1214 349 ns.

174 329 243 400 310
600 334 638 397 T.
673 332 812 399 LlVlI
1084 365 1213 409 ncces.

169 451 246 538 lus,
263 464 299 522 et
316 453 359 540 Q.
377 451 507 522 Fabius
523 453 719 540 Maximus,
740 468 775 523 et
793 454 834 540 Q.
855 449 999 519 Fulvius
1012 447 1181 531 Flaccus,
1199 450 1239 521 in

169 562 289 633 locum
307 567 341 632 P.
362 565 533 634 Scantinii
553 563 753 641 demortui,
775 578 809 632 et
834 566 870 630 l..
893 559 1020 629 AEnrilii
1039 558 1137 628 Pauli
1157 584 1239 629 eon·

169 673 275 755 sniis,
292 687 328 744 et
343 679 387 764 Q.
401 673 482 744 AElii
501 674 601 760 Pati,
616 675 679 768 qni
695 671 896 743 ceciderant
912 694 1033 765 pugna
1049 667 1236 737 cannensi.

214 788 323 854 XXII.
350 787 472 871 Quum
494 798 640 863 caetera,
665 807 745 879 qute
769 781 948 851 coutinuis
968 777 1130 848 cladibus
1157 775 1236 847 for·

169 905 256 962 tuna
287 893 489 978 minuerat,
515 906 690 989 quantum
721 891 877 962 consiliis
902 889 1069 958 humanis
1090 887 1236 984 assequi

169 1016 356 1101 poteraut,
381 1008 502 1074 Patres
524 1003 746 1099 explessent;
766 1001 911 1071 tandem
937 1025 973 1070 se
1003 1023 1175 1095 quoqne,
1198 1010 1236 1068 et

168 1112 400 1183 solitudinem
419 1115 544 1198 curiae,
568 1116 856 1208 paucitatemque
876 1109 1170 1180 convenientium
1187 1106 1236 1177 ad

166 1220 354 1318 publicum
367 1223 576 1291 consilinm¹
591 1237 838 1318 respexerunt.
849 1224 977 1316 Neque
988 1220 1083 1290 enim
1098 1233 1182 1315 post
1192 1222 1232 1288 L.

164 1331 346 1403 AEmilinm
361 1347 396 1402 et
412 1335 451 1402 C.
470 1333 685 1400 Flaminium
696 1355 863 1401 censores
877 1345 1021 1400 senatus
1035 1331 1149 1399 lectus
1163 1327 1235 1399 fne-

165 1454 239 1525 rat‚
257 1466 371 1536 quum
386 1454 529 1510 tantum
544 1455 750 1510 senatorum
766 1441 921 1509 adversae
938 1463 1082 1535 pugnae,
1101 1437 1145 1506 ad
1162 1436 1234 1508 hoc

166 1552 221 1623 sui
237 1576 420 1649 quemque
432 1576 533 1622 casus
545 1576 609 1647 per
624 1551 917 1647 quinquennium
937 1548 1231 1644 absumpsissent.

167 1663 289 1751 Quum
305 1660 349 1730 de
364 1685 405 1731 ea
419 1685 458 1729 re
477 1660 534 1728 Μ’.
551 1660 772 1755 Pomponius
790 1674 939 1755 praetor,
955 1659 1129 1727 dictatore
1149 1673 1233 1752 post

167 1770 360 1840 Casilinum
381 1770 548 1839 amissum
568 1768 732 1867 profecto
747 1769 818 1863 jam
834 1769 878 1839 ad
896 1769 1111 1849 exercitum,
1126 1791 1233 1863 expo

165 1877 351 1948 scentibns
368 1879 507 1949 cunctis
521 1878 700 1949 retulisset
713 1905 723 1967 3
738 1893 816 1949 tum
833 1884 891 1974 Sp.
910 1877 1100 1963 Carvilius,
1115 1901 1232 1970 quum

164 1986 274 2086 longa
289 1988 451 2058 oratione
466 2012 542 2058 non
556 1989 673 2058 solnm
687 1990 845 2084 inopiam
863 1997 1045 2071 senatus2,
1061 1985 1121 2056 sed
1139 2010 1232 2083 pau-

166 2099 310 2169 citatem
326 2099 433 2170 etiam
453 2099 604 2186 civium,
621 2124 641 2168 e
658 2097 791 2193 quibus
809 2099 847 2167 in
867 2103 988 2167 Patres
1005 2097 1231 2191 legerentur,

166 2222 387 2304 conquestus
402 2222 510 2292 esset,
527 2206 697 2304 explendi
712 2222 855 2278 senatus
870 2231 991 2293 causa,
1006 2220 1040 2275 et
1052 2205 1233 2301 jungendi

166 2318 299 2388 arctius
315 2317 416 2386 latini
434 2313 617 2387 nominis³
633 2342 715 2387 cnm
737 2317 875 2415 populo
892 2341 1065 2405 romano,
1084 2339 1231 2412 magno-

164 2492 218 2544 Cic.
232 2495 291 2558 Agr.
305 2497 344 2551 11,
361 2511 384 2554 7,
400 2505 423 2543 et
435 2496 531 2543 Ernesti
544 2496 611 2544 Clav.
623 2496 675 2545 cte.
719 2496 784 2544 Dulr.
793 2531 800 2555 ‚
809 2498 851 2560 qui
862 2507 959 2553 monet,
972 2495 1045 2543 verba
1056 2511 1108 2542 esse
1119 2506 1231 2559 transpo-

162 2573 190 2620 in
201 2573 257 2619 Iud.
270 2575 329 2635 Leg.
342 2590 368 2637 p.
380 2588 419 2634 1-7.
718 2575 812 2633 nenda,
829 2577 896 2639 quod
909 2576 992 2639 inopia
1008 2575 1096 2621 civium
1112 2575 1170 2637 plus
1182 2575 1229 2632 sit,

199 2653 260 2698 Car.
275 2653 360 2698 xxtt.
375 2667 397 2698 r.
412 2652 585 2715 Adpublicum
596 2652 674 2700 consi·
719 2671 791 2718 quam
797 2656 927 2718 paucitas,
940 2654 1028 2711 et‚ubi
1039 2653 1181 2716 impiant,
1193 2652 1230 2699 ibi

164 2729 238 2786 Eum,
254 2728 285 2783 al.
298 2727 444 2786 consilinum
458 2731 515 2779 vide
527 2732 559 2778 ad
575 2748 629 2796 rap.
643 2747 673 2789 2,
718 2733 774 2797 plus
784 2750 849 2791 esse,
864 2750 935 2796 quam
942 2733 1101 2796 paucitatem.
1112 2759 1146 2767 -
1157 2734 1229 2795 Lege·

160 2824 187 2867 p.
199 2808 214 2854 5
218 2842 224 2854 .
236 2834 268 2842 -
278 2810 305 2854 L.
316 2807 441 2855 AEmt'lt'um
452 2820 476 2855 et
488 2809 513 2856 C.
527 2809 674 2857 Flaminium
718 2824 813 2870 rentur,
824 2813 878 2861 seii.
888 2813 971 2875 aliqui.
988 2838 1022 2847 —
1034 2813 1059 2858 Si
1072 2810 1228 2869 Walehium,

162 2902 288 2943 censores;
303 2888 369 2936 conf.
385 2887 418 2935 ad
435 2905 489 2953 cap.
507 2905 554 2945 ar,
570 2907 595 2938 n.
611 2891 635 2946 3,
649 2902 673 2939 et
717 2892 818 2938 Emend.
836 2909 862 2956 p.
880 2893 942 2946 182,
956 2890 1093 2947 audiamus,
1112 2889 1174 2956 nihil
1191 2899 1228 2936 ert

162 2966 222 3030 epit.
233 2965 276 3011 lih.
287 2967 347 3014 XX.
357 2993 385 3003 -
400 2968 501 3014 Senatus
511 2966 674 3032 Iectnsfirerat
717 2971 784 3032 quod
795 2971 835 3016 hie
846 2970 915 3016 locus
927 2970 1086 3016 soll'ritetnr:
1097 2985 1153 3015 nam
1167 2966 1228 3031 quid

160 3044 343 3103 recensoribus,
355 3045 381 3092 h.
392 3062 414 3094 e.
425 3047 524 3093 nomina
534 3058 672 3094 senatorum
717 3050 783 3110 cogit
800 3049 873 3095 verba
894 3047 1018 3109 inopiam,
1036 3059 1061 3094 et
1076 3047 1228 3109 paucitatem

134 3152 138 3160 ·
162 3123 262 3171 cxalho
278 3125 400 3172 senatorio
413 3126 489 3183 lecta,
507 3127 544 3171 vel
558 3127 670 3184 recitate,
716 3127 818 3183 eodem,
832 3127 858 3173 id
873 3139 923 3184 est,
939 3126 970 3173 ed
985 3143 1111 3173 numerum
1125 3126 1228 3176 referri?

159 3201 257 3248 omissis
273 3201 434 3264 quibusdam,
447 3205 567 3267 novisque
583 3204 672 3251 substi-
716 3207 830 3269 Inopiam
846 3205 953 3272 intellige
969 3204 999 3250 de
1015 3216 1119 3268 egestate
1136 3208 1227 3257 civium

159 3281 233 3337 tutis3
243 3280 320 3337 unde,
335 3297 356 3326 c.
368 3282 414 3338 23,
427 3282 527 3328 recitato
542 3295 622 3330 vetera
634 3299 671 3330 se·
714 3285 780 3332 bello
794 3285 889 3332 diutino
907 3285 1094 3341 exhaustorum,
1109 3301 1123 3330 e
1138 3289 1227 3347 quihus

160 3371 234 3415 natet,
245 3359 269 3404 h.
279 3375 300 3405 e.
308 3360 419 3422 catalogo
431 3363 554 3419 censorio,
566 3363 603 3409 vel
614 3362 672 3409 reci·
713 3365 786 3426 pauci
798 3380 864 3410 nunc
877 3374 971 3420 essent,
986 3363 1028 3425 qui
1041 3363 1159 3411 haberent
1172 3384 1227 3414 een-

158 3439 216 3486 tatis
234 3437 375 3484 nominihus
392 3451 530 3486 senatorum
547 3452 669 3500 veterum,
713 3459 766 3488 sum
777 3442 939 3490 senatorium:
952 3458 1002 3504 quo
1012 3458 1095 3498 sensu,
1105 3443 1168 3490 nihil
1177 3463 1227 3494 mu-

158 3517 187 3563 in
200 3531 229 3564 eo
244 3516 403 3577 consignatis.
416 3517 454 3565 Cf.
465 3520 619 3580 xxxt11,7
630 3537 668 3588 pr.
712 3521 828 3576 tandum,
851 3532 875 3567 et
896 3522 976 3584 ipsum
997 3521 1109 3568 vocabul.
1127 3537 1226 3573 senatus

158 3597 217 3651 XL,
232 3594 279 3651 533
294 3595 391 3651 XLIII,
406 3595 446 3641 15.
458 3623 489 3632 -
506 3598 599 3654 casus‚·
617 3599 666 3647 vid.
713 3599 859 3659 ejiciendum
868 3600 924 3647 erit.
935 3602 980 3648 En.

159 3673 191 3722 etl
202 3674 291 3730 XXII,
302 3680 348 3728 ta,
363 3688 387 3718 n.
399 3673 422 3719 3.
717 3712 720 3716 -
749 3681 772 3727 3.
789 3678 911 3742 lungendt'
927 3679 1016 3726 arctius
1035 3679 1107 3725 latini
1121 3682 1225 3730 nominis

194 3767 218 3799 a.
230 3752 286 3796 Non
297 3752 375 3797 solnm
388 3751 496 3815 inopiam
507 3766 616 3812 senatus,
627 3772 668 3819 pe·
712 3755 779 3822 (vide
787 3757 818 3803 ed
827 3761 853 3815 l,
869 3772 912 3815 ιο,
923 3774 948 3804 n.
957 3756 983 3821 a)
998 3759 1150 3821 cnmpopulo
1161 3776 1223 3812 rom.

155 3829 264 3886 nudem,
275 3830 459 3893 infrequentiam
469 3837 665 3881 senatorum.Vo·
708 3852 854 3899 magnopere
870 3853 896 3882 sc
910 3837 1013 3882 suadere
1027 3837 1142 3899 praeclara
1156 3841 1224 3901 conj.

155 3923 208 3956 cem
227 3920 323 3954 senatus
342 3925 398 3956 cum
417 3913 508 3959 Stroth.
529 3929 542 3959 e
565 3914 581 3959 6
601 3914 664 3961 MSS
708 3915 779 3962 Crev.
792 3932 862 3978 quam
875 3915 989 3980 probavit
1003 3914 1078 3963 neat.
1090 3926 1114 3962 et
1129 3920 1224 3982 recepit

155 3986 253 4034 inserui.
274 3987 330 4032 Non
348 3989 426 4034 solum
438 3990 605 4052 paucitatem,
621 3992 667 4038 sed
708 3994 781 4040 etiam
798 3995 890 4043 Stroth.
901 4010 947 4058 pro
962 3994 1028 4057 vulg.
1042 3995 1163 4052 nominis,
1172 4015 1224 4060 pro

154 4063 264 4130 inopiam
283 4064 357 4115 etiam
374 4065 460 4117 civium
477 4070 543 4139 conj.
556 4070 626 4123 Cret·
639 4062 665 4122 οῖ’
708 4089 799 4139 magna
812 4074 967 4133 retundere,
981 4074 1020 4123 vel
1031 4089 1059 4121 re
1071 4091 1096 4122 se
1108 4076 1222 4126 suadere.
