2782 4568
190 271 314 377 ltilsstl
347 293 444 358 Lm.
473 291 574 356 xxi.
603 291 707 357 ear.
739 291 898 356 xxvu.
928 292 1110 358 xxvm.
1179 289 1223 360 53

151 430 276 483 'onera
293 413 552 506 trajicerentur.
571 411 719 508 Hispani
738 411 813 480 siue
832 410 904 480 ulla
922 406 1055 497 mole3,
1071 413 1108 479 in
1124 427 1222 482 utres

162 524 384 594 vestimentis
400 523 590 618 conjectis,
605 523 672 620 ipsi
690 523 795 593 cetris
811 523 1032 620 suppositisl
1047 522 1221 592 incuban-

161 645 233 718 tes,
251 631 388 704 llumen
402 647 598 704 tranavere.
618 639 663 704 Et
677 633 766 703 alius
785 634 979 720 exercitus,
993 631 1133 703 ratibus
1145 633 1225 726 juu-

163 742 226 811 ctis
244 743 433 838 trajectus,
453 745 575 815 castris
593 766 706 841 prope
724 743 859 814 flumen
877 744 1022 841 positis,
1042 756 1224 812 nocturno

162 852 289 924 itinere
310 869 419 950 atque
442 856 562 952 operis
584 854 707 925 labore
728 853 859 938 fessus,
883 855 1005 949 quiete
1028 853 1134 922 unius
1153 850 1225 921 diei

163 960 335 1052 reficitur,
351 965 493 1036 intento
512 964 604 1036 duce
624 965 668 1034 ad
688 965 879 1034 consilium
896 978 1105 1060 opportune
1124 986 1224 1033 exse·

162 1073 359 1167 quendum.
383 1078 530 1147 Postero
556 1075 614 1144 die
642 1072 795 1170 profecti
821 1099 866 1144 ex
894 1073 974 1144 loco
1001 1074 1097 1143 edito
1123 1071 1224 1143 fumo

161 1181 380 1277 significant,
396 1211 432 1255 se
446 1187 614 1255 transisse
624 1179 650 1272 ⁵,
665 1198 701 1254 et
714 1182 812 1253 haud
826 1183 953 1279 procul
968 1181 1103 1252 abesse.
1117 1179 1226 1270 Quod

161 1289 224 1360 ubi
235 1297 373 1392 accepit
384 1294 581 1381 Hannibal,
595 1314 641 1364 ne
654 1294 807 1389 tempori
819 1287 995 1376 deesset⁶,
1009 1290 1071 1361 dat
1081 1292 1224 1387 signum

160 1400 205 1470 ad
224 1404 486 1498 trajiciendum.
506 1409 581 1472 Jam
602 1415 741 1499 paratas
760 1408 970 1498 aptatasque
988 1399 1147 1471 habebat
1165 1423 1226 1496 pe·

160 1508 222 1581 des
237 1511 385 1582 lintres:
402 1514 540 1608 equites
554 1510 628 1582 lere
644 1522 792 1608 propter
808 1533 923 1606 equos
938 1523 1065 1580 nantes
1078 1510 1223 1579 navium

159 1644 308 1716 agmen,
332 1622 376 1690 ad
404 1621 653 1718 excipiendum
678 1622 816 1692 adversi
844 1623 1019 1718 impetum
1045 1620 1222 1707 fluminis,

160 1743 262 1826 parte
275 1733 460 1827 superiore
475 1734 735 1817 transmittens,
748 1731 1043 1828 tranquillitatem
1054 1729 1147 1799 inlra
1156 1745 1223 1800 tra·

157 1839 362 1934 jicientibus
384 1838 551 1912 lintribus
570 1841 763 1940 praebebat.
786 1846 972 1937 Equorum
991 1863 1073 1936 pars
1091 1860 1222 1936 magna

161 1964 287 2020 nantes
299 1949 386 2021 loris
400 1975 419 2020 a
434 1951 617 2049 puppibus
632 1950 882 2038 trahebantur,
895 1967 1024 2048 praeter
1040 1973 1116 2032 eos,
1129 1961 1222 2043 quos

160 2061 353 2132 instructos
370 2060 621 2160 frenatosque,
636 2077 676 2132 ut
695 2062 876 2158 extemplo
894 2083 1038 2157 egresso
1053 2060 1090 2126 in
1107 2057 1221 2152 ripam
1258 2136 1260 2140 ¹

162 2175 275 2268 equiti
295 2176 375 2244 usui
395 2190 532 2264 essent,
552 2178 801 2273 imposuerant
820 2176 857 2242 in
877 2196 994 2241 naves.

208 2289 370 2356 XXVIII.
389 2286 482 2356 Galli
502 2301 690 2358 occursant
710 2289 747 2354 in
762 2287 897 2381 ripam¹
917 2307 998 2375 cum
1018 2281 1122 2350 variis
1140 2280 1222 2349 ulu-

160 2389 290 2463 latibus
312 2406 516 2491 cantuque²
537 2398 647 2466 moris
673 2396 746 2482 sui,
765 2394 968 2490 quatientes
992 2405 1093 2462 scuta
1114 2416 1222 2488 super

140 2643 141 2647 ,
161 2617 212 2665 ret,
229 2628 241 2647 ιι
257 2608 319 2667 nisi,
337 2610 436 2673 inquit,
455 2610 538 2658 critica
558 2611 666 2671 juberet,
713 2611 743 2668 3,
756 2621 781 2656 et
793 2608 846 2657 aliis
860 2610 936 2668 locis,
956 2626 1010 2674 quae
1025 2608 1132 2656 laudavit
1146 2609 1220 2655 Drak.

160 2685 284 2733 testatiora
292 2688 399 2750 preferri
409 2690 546 2738 venustis.»
559 2692 605 2738 Eu.
712 2688 744 2734 ad
752 2690 797 2752 Ep.
805 2690 856 2736 ttv.
864 2690 958 2751 XLIX)
965 2704 1038 2752 equos
1045 2699 1143 2742 nantes,
1149 2697 1223 2751 parte

198 2765 222 2811 3.
236 2764 291 2810 Sine
304 2766 353 2812 ulla
366 2768 442 2825 mole,
461 2767 613 2815 difficultate.
630 2767 667 2814 cf.
712 2767 845 2831 superiore,
868 2768 904 2814 ad
921 2766 1088 2832 excipriendum
1112 2768 1222 2830 frangen-

161 2841 192 2889 ed
205 2844 234 2901 1,
248 2843 294 2902 38,
303 2860 327 2892 n.
339 2853 363 2900 t.
714 2845 819 2909 dumque
827 2858 878 2893 tum
886 2848 962 2911 equis,
971 2857 1021 2893 tum
1027 2845 1123 2904 lembis,
1129 2846 1224 2892 adversi

197 2929 222 2976 d.
237 2923 312 2969 Cetrr's
325 2925 449 2989 suppositis
453 2943 463 2982 ,·
476 2924 530 2971 vide
543 2925 574 2972 ad
587 2941 610 2973 c.
621 2939 668 2982 αι,
713 2925 824 2988 impetum
828 2925 954 2992 fluminis,
966 2923 1094 2990 praebebat
1103 2924 1221 2987 tranquil-

159 3010 212 3048 not.
223 3001 247 3048 6.
713 3003 805 3050 litatem
815 3005 923 3052 lintribus
936 3006 1001 3069 infra
1012 3017 1046 3061 t,
1060 3018 1114 3066 quae
1124 3003 1222 3059 lintres,

145 3106 148 3111 ·
196 3080 220 3128 5.
239 3081 281 3126 Ex
297 3080 350 3128 loco
367 3081 431 3129 edito
443 3080 515 3147 fitmo
530 3081 670 3148 signficant
712 3080 746 3132 τὰ
754 3081 835 3134 λεπτὰ
845 3089 892 3135 τῶν
903 3084 1050 3152 πορθμείων,
1062 3084 1100 3132 vel
1112 3081 1145 3130 τὰ
1155 3082 1223 3150 μονό-

160 3175 185 3205 se
197 3159 331 3206 transisse:
349 3161 383 3207 sie
401 3173 425 3208 et
443 3162 531 3226 Polyb.
549 3163 587 3207 III
595 3196 602 3218 ,
622 3161 668 3217 ts,
712 3160 770 3222 ξυλα
781 3164 867 3218 πλοῖα,
877 3164 910 3210 ita
919 3163 1011 3208 facilins
1019 3161 1142 3222 tutiusque
1149 3158 1224 3207 trans-

159 3232 210 3283 noir
229 3252 290 3284 vero
312 3254 344 3284 esc
366 3239 418 3286 loco
439 3240 503 3287 edito
524 3258 532 3287 :
557 3255 613 3285 nam
634 3239 667 3284 ita
712 3241 774 3288 mitti
787 3251 908 3304 poterant.
919 3240 1009 3287 Confer
1019 3239 1106 3303 Polyb.
1117 3240 1154 3285 III
1161 3243 1222 3297 ,43,

160 3315 261 3380 scripsi,
273 3315 431 3364 suadentibus
444 3319 507 3366 Cler.
518 3329 542 3365 et
551 3320 597 3365 Str.
605 3334 666 3382 pro:
712 3319 754 3382 qui
762 3320 835 3364 etiam
845 3333 917 3382 equos
927 3329 1011 3364 nantes
1021 3333 1034 3361 e
1035 3316 1156 3381 puppibus
1166 3312 1223 3364 lem·

155 3393 262 3458 profecti
269 3410 301 3440 ex
316 3395 383 3451 Ioco,
390 3397 491 3459 prodito
497 3397 570 3461 firmo
582 3413 600 3444 s.
614 3413 633 3443 s.
647 3407 665 3445 t.
711 3398 808 3454 borum,
817 3408 840 3444 et
848 3413 879 3444 ex
885 3407 989 3459 utroque
996 3412 1077 3442 earum
1084 3395 1157 3442 latere
1165 3396 1222 3442 loris

159 3474 189 3518 In
209 3488 259 3520 uno
275 3473 336 3520 MSS
352 3485 389 3520 est
405 3491 437 3521 ex
454 3476 507 3522 loco
520 3475 600 3522 debito
617 3494 626 3522 .·
643 3487 668 3523 et
712 3488 802 3524 tractos
809 3476 917 3535 dieit;ut
925 3490 984 3522 mox
991 3475 1086 3523 Livias:
1097 3476 1221 3538 Equorum

155 3551 294 3614 propinquo
299 3550 372 3616 firmo
386 3556 452 3615 conj.
467 3557 544 3602 Grou.
708 3573 769 3620 pars
782 3573 872 3620 magna
882 3567 967 3602 nantes
977 3554 1054 3620 (conf.
1065 3554 1096 3601 ad
1107 3557 1131 3610 I,
1145 3562 1186 3614 41,
1196 3571 1223 3601 n.

194 3629 219 3676 6.
231 3630 270 3676 Ne
282 3632 384 3694 tempori
393 3632 498 3690 deesset;
509 3633 566 3680 vide
575 3633 606 3679 ad
615 3636 668 3691 111,
716 3633 760 3698 r),
778 3651 831 3697 quae
847 3635 920 3682 rerba
934 3644 1044 3699 suspecta
1061 3632 1167 3680 reddunt
1184 3650 1223 3680 su-

162 3708 207 3767 tt,
218 3725 246 3757 n.
261 3710 284 3756 3.
298 3737 333 3745 -
347 3711 453 3759 Navium
465 3729 565 3777 agmen,
578 3715 669 3773 majora
713 3713 809 3778 periura
814 3725 916 3777 propter
924 3729 997 3776 equos
1007 3723 1100 3759 nantes.

159 3787 295 3850 mvigl²‚oi
303 3785 571 3859 immurmurantem
580 3791 670 3855 equites
749 3792 811 3839 Car.
832 3792 952 3838 XXVIII.
973 3808 994 3837 r.
1017 3791 1086 3838 Galli
1097 3805 1226 3839 occursant

160 3864 191 3912 iis
204 3866 333 3930 impositos
342 3903 349 3925 ,
357 3882 461 3933 propter
473 3870 576 3934 (prope,
586 3872 671 3933 juxta,
716 3871 740 3918 in
750 3870 829 3934 ripam
834 3888 844 3926 ;
856 3871 933 3916 Gron.
947 3869 994 3916 Sed
1007 3881 1031 3917 et
1043 3884 1090 3933 quo
1102 3881 1126 3917 et
1135 3871 1177 3918 ubi
1186 3888 1225 3918 oc-

159 3945 248 4002 neben,
264 3957 291 3993 ut
306 3949 354 4003 IX,
366 3962 397 4005 2;
412 3950 494 4006 XXV,
512 3950 557 4007 23;
572 3951 673 4010 XXVI,
717 3948 1224 4013 cursarint,quaeriditiquepotestffluuer.

161 4025 326 4084 83XXVIII,
337 4025 382 4084 46;
391 4028 513 4085 XXXIV,
525 4028 555 4074 32
567 4028 674 4088 3xmv,
754 4046 778 4075 a.
792 4028 849 4076 Cum
861 4028 939 4076 trariis
949 4028 1079 4076 ululatibus
1090 4041 1223 4091 cantuque,
