2782 4568
185 319 306 422 llll
390 336 990 408 Ltaasxxincaaxn.
1152 340 1279 437 289¹

158 461 369 533 mittendam
398 467 435 531 in
460 460 676 557 stipendium
698 465 900 555 pecuniam
919 461 1222 557 frumentumque

159 587 235 641 tam
248 573 343 640 -brnr
360 576 491 642 meritis
510 571 555 640 de
571 573 717 638 nomine
726 575 864 664 punico
886 569 1063 640 militibus.
1086 574 1224 642 Secun-

159 680 246 750 dum
267 681 340 750 haec
362 680 457 749 dicta
475 680 636 775 Magonis
658 679 748 747 laetis
766 679 956 765 omnibus,
978 679 1151 767 Himilco,
1170 684 1225 752 vir

159 790 323 861 factionis
338 792 509 872 Barcinae,
527 790 644 860 locum
659 790 847 859 Hannonis
862 790 1072 887 increpandi
1088 816 1163 862 esse
1178 816 1228 862 ra·

159 898 256 984 tus³‚
271 902 396 991 «Quid
415 916 489 986 est,
506 901 663 970 Hanno?
676 900 807 996 inquit·
823 901 938 968 Etiam
955 891 1053 970 nunc
1072 903 1226 998 poenitet

160 1039 177 1074 «
189 1010 276 1082 belli
294 1014 451 1109 suscepti
468 1010 639 1082 adversus
657 1011 863 1080 Romanos?
878 1009 970 1081 Jube
985 1009 1069 1082 dedi
1087 1015 1229 1084 Hanni«
1331 1027 1336 1036 '

161 1119 309 1191 «halem
325 1147 332 1189 ε
351 1135 431 1192 veta
450 1121 488 1190 in
508 1134 580 1190 tam
600 1121 784 1218 prosperis
806 1119 917 1190 rebus
937 1133 1054 1215 grates
1074 1120 1140 1191 diis
1159 1124 1227 1192 im-

161 1229 406 1301 amortalibus
428 1231 492 1327 agi.
513 1230 708 1302 Audiamus
729 1222 920 1301 romanum
941 1236 1169 1302 senatorem⁴
1188 1215 1227 1302 in

161 1370 178 1405 a
194 1340 541 1437 Carthaginiensium
561 1343 669 1411 curia.
683 1373 699 1405 a
711 1346 804 1410 Tum
823 1346 976 1410 Hanno:
995 1345 1228 1413 «Tacuissem

162 1480 179 1514 «
192 1450 320 1538 hodie,
340 1457 461 1521 Patres
483 1453 696 1548 conscripti,
717 1477 763 1522 ne
783 1450 872 1548 quid
888 1452 925 1521 in
945 1455 1129 1523 communi
1148 1478 1229 1523 orn·

116 1642 119 1648 ³
162 1591 178 1625 a
194 1563 296 1632 nium
313 1561 462 1659 gaudia,
477 1564 596 1634 minus
609 1563 733 1634 laetum
750 1563 850 1659 quod
866 1577 959 1632 esset
970 1562 1088 1649 vohis,
1103 1563 1228 1660 loque·

162 1701 180 1735 a
193 1696 262 1742 rer.
283 1677 391 1745 Nunc
408 1675 648 1771 interroganti
666 1674 843 1760 senatori,
861 1675 1084 1770 paeniteatne
1097 1697 1156 1744 me
1170 1673 1231 1744 ad⁴

162 1811 180 1847 «
192 1781 265 1853 huc
285 1785 441 1881 suscepti
459 1784 630 1855 adversus
645 1790 829 1854 Romanos
847 1782 933 1854 belli
946 1780 972 1871 ⁵,
991 1786 1022 1855 si
1039 1786 1230 1872 reticeam,

162 1907 255 1962 «aut
279 1892 479 1991 superbus,
504 1910 566 1964 aut
591 1894 772 1965 obnoxius
798 1891 945 1966 videar⁶
966 1922 973 1963 :
998 1918 1157 1992 quorum
1180 1894 1230 1965 al-

162 2015 309 2074 aterum
335 2019 389 2076 est
412 2005 571 2076 hominis
594 2005 718 2076 alienae
738 2004 914 2075 libertatis
932 2002 1055 2088 obl-iti,
1076 2005 1231 2074 alterum

164 2140 182 2176 a
194 2137 275 2183 sua.
291 2115 542 2212 Respondeam
558 2118 668 2214 igitur
683 2116 897 2199 Himilconi,
915 2139 989 2185 non
1006 2113 1140 2185 desisse
1158 2138 1232 2210 poe-

164 2249 180 2285 «
192 2224 308 2294 nitere
327 2249 385 2293 me
403 2224 510 2311 belli,
529 2246 650 2323 neque
664 2225 965 2296 desiturumante
984 2225 1159 2293 invictum
1172 2248 1231 2294 ve-

163 2345 309 2401 «strum
332 2334 589 2430 imperatorem
612 2337 796 2422 incusare,
816 2354 925 2437 quam
947 2332 1092 2405 finitum
1111 2334 1232 2430 aliqua

163 2440 373 2510 «tolerabili
390 2443 600 2515 conditione
620 2443 757 2515 beilum
777 2444 925 2515 videro-2
945 2467 1012 2514 nec
1029 2443 1117 2513 mihi
1133 2444 1230 2541 pacis

164 2551 351 2647 «antiquae
369 2548 588 2621 desiderium
606 2550 680 2621 ulla
702 2551 769 2637 alia
792 2575 868 2637 res,
891 2571 1000 2648 quam
1022 2578 1092 2650 pax
1114 2578 1229 2639 nova,
1250 2564 1251 2567 ’

165 2659 308 2729 «finiet.
337 2665 462 2756 Itaque
492 2661 577 2746 ista,
603 2685 683 2756 quae
709 2661 821 2730 mod-o
848 2665 953 2758 Mago
974 2662 1139 2754 jactavit,
1166 2666 1228 2733 Hi·

165 2771 341 2841 amilconi
360 2763 568 2865 caeterisque
586 2768 795 2839 Hannibalis
813 2767 1047 2841 satellitibus⁷
1060 2772 1132 2865 jam
1150 2773 1230 2843 laeta

164 2909 182 2946 a
196 2895 291 2952 sunt.
316 2880 406 2950 Mihi
429 2894 581 2977 possunt
602 2879 682 2948 laeta
702 2902 803 2964 esse,
824 2881 909 2974 quia
935 2903 993 2949 res
1015 2879 1113 2950 bello
1133 2880 1231 2952 bene

166 3007 320 3092 «gestae,
339 2995 368 3064 si
386 2994 554 3064 volumus
572 2989 718 3062 fortuna
737 2991 810 3078 uti,
830 3014 954 3087 pacem
974 2991 1079 3060 uobis
1098 2994 1231 3088 aequio⁶

201 3227 225 3274 3.
240 3227 360 3283 Himilco,
370 3225 413 3273 ‘uir
416 3222 537 3290 factionis
549 3220 675 3278 Barcina,
721 3235 790 3266 ceam
795 3236 805 3275 ;
815 3212 874 3265 videv
881 3218 914 3265 ad
926 3218 970 3266 lib.
982 3220 1032 3277 111,
1044 3234 1097 3282 cap.
1108 3228 1155 3278 tr,
1168 3235 1193 3268 n.
1205 3229 1229 3276 t.

166 3306 380 3354 locumHannonis
390 3301 534 3367 increpandi
540 3313 677 3356 esseratus;
756 3299 780 3346 6.
798 3301 851 3345 Aut
868 3299 988 3345 obnoxius
1005 3298 1111 3355 videam
1124 3299 1182 3346 vide
1199 3299 1231 3348 ad

167 3382 223 3430 vide
243 3384 275 3430 ad
298 3386 376 3442 XXI,
394 3400 423 3443 a,
444 3399 468 3430 n.
484 3383 508 3429 5.
531 3383 605 3444 Mago
624 3380 677 3443 ipse
721 3380 772 3436 111,
791 3379 838 3439 39,
854 3393 878 3423 n.
896 3392 918 3424 1.
936 3404 970 3413 -
988 3378 1106 3424 Invictum
1122 3389 1230 3425 anstrum

166 3461 313 3508 Hannonem
324 3463 433 3526 increpat
440 3461 507 3526 apud
517 3460 615 3515 stin,
626 3459 674 3514 542
721 3457 777 3520 imp.
790 3455 942 3520 Vulgabatur
957 3466 1027 3503 antea
1045 3462 1173 3504 nostntml
1188 3456 1232 3504 iad

168 3555 204 3602 sq.
215 3566 250 3575 -—
263 3539 329 3600 Quid
336 3552 382 3595 est,
394 3542 501 3587 Hanno?
512 3550 538 3588 ut
549 3538 615 3602 apud
624 3536 679 3584 Cic.n
720 3536 793 3584 altera
810 3535 884 3583 lectio
902 3553 915 3582 e
931 3538 985 3583 rut,
1000 3535 1064 3582 libro
1082 3535 1232 3583 admittenda

167 3618 239 3667 Catil.
250 3619 277 3674 1,
293 3617 308 3665 5
323 3629 346 3665 et
360 3619 384 3665 8.
396 3617 449 3665 Nos
460 3634 510 3666 nno
522 3617 598 3665 verbo
609 3616 679 3664 mira·
721 3617 782 3674 fuit,
795 3627 822 3662 ut
836 3632 883 3678 qua
897 3633 947 3663 sese
960 3614 1044 3679 prodit
1057 3614 1194 3678 indignatio
1208 3622 1233 3661 et

166 3697 244 3745 bundi
259 3696 335 3744 Nun!
350 3695 441 3744 Stroth.
460 3723 496 3732 -
512 3696 596 3743 Etiam
613 3710 677 3742 nunc
722 3706 884 3758 contemptus.
897 3697 944 3742 En.

164 3777 278 3840 puniret,
291 3775 344 3823 soil.
356 3787 394 3833 te·;
406 3773 463 3821 vide
473 3777 511 3833 Π,
522 3776 567 3832 54,
580 3792 606 3822 n.
617 3775 655 3821 16.
760 3790 783 3833 7.
801 3773 944 3836 Craten‘sque
962 3771 1110 3819 Hannibalis
1125 3770 1236 3818 satelliti·
1289 3822 1293 3834 1

206 3863 229 3910 4.
248 3857 383 3901 Romanum
398 3863 547 3911 senatorem,
563 3853 679 3901 Romanis
725 3853 768 3899 bus
780 3851 928 3914 (ministris,
945 3851 986 3897 vel
996 3849 1155 3909 administris,
1167 3850 1235 3908 adju·

169 3935 298 3980 faventem.
318 3959 352 3968 -
371 3936 458 3979 Patres
474 3933 615 3997 romerium,-
624 3932 682 3980 vide
724 3931 838 3988 toribus,
859 3942 886 3978 ut
902 3930 986 3988 XXV,
1004 3945 1052 3990 29,
1072 3939 1097 3976 et
1113 3918 1235 3986 XXXIV,

171 4013 203 4059 ad
219 4015 259 4071 II,
276 4029 303 4069 1,
315 4029 340 4059 n.
352 4021 392 4068 14,
729 4009 773 4073 41)
782 4010 838 4075 jum
850 4011 907 4057 loeta
918 4020 987 4066 strnt;
997 4007 1121 4074 fortejum
1134 4018 1176 4055 aut
1184 4017 1236 4054 tam

211 4093 234 4139 5.
254 4091 421 4157 interroganti
434 4090 584 4139 senatori
593 4091 616 4138 si
629 4091 686 4140 reti·
731 4090 789 4137 lema
800 4089 854 4137 sint.

295 4182 360 4248 IV.
857 4178 862 4200 ²
1051 4195 1094 4264 ¹9
