2782 4568
193 303 261 378 252
578 311 616 376 T.
649 309 787 376 Lrvu
1098 289 1126 390 l:
1140 290 1163 391 l]
1179 289 1225 390 3321

238 432 329 501 LIX.
346 430 485 525 Legatis
499 431 723 527 captivorum
737 440 882 498 senatus
897 425 942 497 ab
957 425 1132 500 dictatore
1147 426 1253 498 datus

191 553 253 611 est.
274 543 440 628 Quorum
459 541 627 636 princeps
644 544 692 610 M.
708 538 853 624 lunius,
871 566 888 602 ε(
903 541 1024 607 Patres
1037 538 1252 635 conscripti,

190 650 355 745 «inquit,
375 673 484 719 nemo
505 664 669 721 nostrum
691 651 852 746 ignorat,
874 647 964 717 nulli
982 672 1144 744 unquam
1164 649 1252 720 civi·
1317 653 1323 667 ‘

190 759 284 827 «tati
299 757 439 827 viliores
456 756 564 830 fuisse
580 761 756 857 captivos,
773 783 882 856 quam
894 773 1034 828 nostrae.
1051 763 1250 847 Caeterum,

190 869 289 937 «nisi
310 866 417 938 nobis
436 868 516 964 plus
534 870 632 964 justo
652 884 775 941 nostra
794 869 910 966 placet
933 893 1038 939 causa
1051 880 1077 958 ¹,
1098 894 1172 940 non
1193 869 1253 940 alii

190 1002 384 1074 «unquam
402 980 522 1049 minus
540 979 743 1076 negligendi
758 978 882 1065 vobis,
898 1003 1005 1074 quam
1025 1003 1114 1067 nos,
1129 979 1167 1047 in
1185 977 1252 1048 ho·

190 1117 207 1152 u
220 1089 328 1158 stium
353 1103 566 1185 potestatem
587 1092 778 1161 venerunt.
802 1094 884 1162 Non
908 1090 1064 1159 enimin
1092 1089 1166 1160 acie
1187 1112 1253 1186 per

190 1198 387 1269 «timorem
406 1225 504 1270 arma
521 1199 751 1287 tradidimus;
767 1197 849 1288 sed,
867 1222 981 1295 quum
1001 1221 1114 1294 prope
1131 1197 1175 1267 ad
1189 1220 1253 1265 no·

189 1323 314 1379 actem
333 1325 576 1407 superstantes
592 1310 746 1382 cumulis
762 1333 934 1380 caesorum
954 1330 1146 1404 corporum
1167 1330 1252 1403 prae-

190 1419 307 1490 alium
330 1423 623 1506 extraxissemus,
646 1422 684 1490 in
707 1432 821 1490 castra
842 1416 1044 1512 recepimus
1067 1441 1143 1486 nos.
1172 1417 1252 1486 Diei

190 1530 401 1627 «reliquum
423 1556 464 1601 ac
489 1545 634 1600 noctem
658 1531 933 1625 insequentem,
960 1525 1041 1597 fessi
1065 1525 1189 1596 labore
1212 1550 1252 1596 ac

192 1640 449 1729 «vulneribus,
465 1632 598 1710 vallum
613 1663 737 1709 sumus
753 1639 867 1708 tutati.
888 1642 1035 1708 Postero
1047 1636 1123 1724 die,
1138 1659 1252 1732 quum

191 1779 208 1814 «
222 1751 443 1821 circumsessi
455 1750 500 1821 ab
515 1751 673 1820 exercitu
685 1751 822 1820 victore
834 1773 927 1844 aqua
937 1757 1174 1834 arceremur²,
1185 1770 1253 1817 nec

190 1887 208 1923 a
220 1859 293 1930 ulla
306 1860 380 1954 jam
394 1886 460 1959 per
477 1858 659 1931 confertos
675 1858 796 1929 hostes
815 1859 1028 1956 erumpendi
1044 1882 1125 1955 spes
1140 1871 1251 1944 esset,

191 1993 288 2041 «nec
302 1994 378 2041 esse
393 1969 492 2045 nefas
504 1969 733 2056 duceremus,
745 1970 1008 2065 quinquaginta
1019 1967 1178 2038 millibus
1191 1966 1253 2037 ho·

191 2079 361 2151 uminum
381 2104 425 2150 ex
451 2081 525 2152 acie
549 2094 671 2152 nostra
699 2077 901 2166 trucidatis,
925 2079 1082 2175 aliquem
1102 2104 1146 2149 ex
1166 2102 1251 2148 can·

192 2218 211 2262 c,
221 2189 324 2260 nensi
338 2213 459 2286 pugna
473 2214 663 2260 romanum
681 2189 831 2259 militem
846 2203 998 2274 restare;
1013 2203 1090 2259 tum
1106 2187 1253 2259 demum

192 2301 316 2394 «pacti
335 2324 459 2372 sumus
478 2301 655 2398 pretium,
676 2324 750 2396 quo
768 2299 946 2395 redempti
965 2297 1251 2367 dimitteremur:

192 2433 334 2497 «arma,
348 2412 386 2479 in
405 2409 538 2508 quibus
557 2411 646 2483 nihil
662 2410 735 2502 jam
752 2409 873 2479 auxilii
889 2424 980 2496 erat,
994 2408 1088 2480 hosti
1108 2407 1253 2478 tradidi·

193 2545 210 2580 «
222 2541 311 2588 mus.
332 2519 486 2612 Majores
505 2544 652 2616 quoque
670 2520 919 2614 acceperamus
939 2544 976 2588 se
995 2542 1015 2587 a
1035 2518 1145 2588 Gallis
1164 2542 1252 2588 auro

191 2627 413 2697 «redemisse
436 2654 444 2696 ε
471 2642 507 2698 et
531 2643 648 2724 patres
670 2624 845 2715 vestros3,
868 2629 1082 2724 asperrimos
1106 2627 1185 2698 illos
1208 2627 1253 2697 ad

192 2734 471 2808 «conditionem
489 2739 604 2833 pacis,
624 2737 760 2832 legatos
778 2752 899 2812 tamen
919 2739 1142 2833 captivorum
1158 2738 1254 2807 redi·

191 2844 437 2917 «mendorum
454 2851 565 2943 gratia
580 2855 776 2919 Tarentum
794 2851 941 2920 misisse.
960 2850 1068 2945 Atqui
1086 2865 1122 2920 et
1138 2848 1183 2920 ad
1196 2849 1253 2920 Al·

191 2983 207 3018 α
221 2952 304 3023 liam
318 2980 400 3026 cum
413 2957 559 3043 Gallisl,
570 2974 605 3030 et
619 2960 664 3029 ad
677 2960 884 3030 Heracleam
897 2984 980 3028 cum
992 2959 1146 3054 Pyrrlm,
1162 2973 1255 3029 utra·

189 3093 205 3128 «
219 3089 291 3162 que
314 3091 390 3141 uon
410 3082 483 3138 tam
502 3069 602 3140 clade
624 3067 788 3159 infamis,
808 3095 916 3166 quam
937 3095 1070 3167 pavore
1090 3094 1130 3140 ac
1149 3068 1251 3166 fuga,

188 3279 233 3327 lud
240 3281 323 3340 robur,
332 3299 346 3329 a
354 3295 462 3332 nostrate
472 3285 638 3348 Montesquieu
647 3296 696 3333 tam
742 3295 777 3332 tes
786 3284 823 3331 ad
828 3285 991 3333 conditionem
993 3283 1064 3350 pacis
1072 3282 1250 3347 accipiendam,

190 3358 280 3406 vividis
292 3361 417 3409 coloribus
428 3362 605 3412 adumbratum.
616 3367 661 3410 En.
742 3364 833 3428 legatos
845 3376 938 3422 tamen,
952 3365 979 3413 C.
990 3363 1127 3411 Fabricium
1141 3373 1165 3410 et
1176 3362 1253 3423 alios,

225 3439 285 3486 Cu.
302 3442 368 3488 mx.
383 3457 404 3490 1.
419 3442 496 3488 Nobis
504 3444 561 3505 plus
572 3443 638 3506 justo
653 3459 697 3489 no·
741 3443 891 3505 captivorum
903 3443 1098 3490 redimendorum
1109 3441 1195 3506 gratia
1206 3444 1253 3489 Τα-

189 3528 241 3563 stra
252 3518 337 3580 placet
352 3535 444 3576 causa,
464 3537 516 3577 res,
533 3538 587 3584 quae
604 3521 635 3568 ad
653 3538 698 3569 nos
742 3533 836 3567 rentum
855 3522 945 3568 misisse
963 3522 995 3569 ad
1010 3521 1144 3585 Pyrrhum,
1160 3522 1254 3568 socium

189 3596 308 3659 pertinet,
317 3608 342 3644 et
352 3615 365 3644 a
375 3598 447 3645 nobis
458 3599 603 3658 defenditur,
612 3601 697 3648 melior
742 3599 939 3658 Tarentinorum,
953 3610 1010 3664 post
1019 3616 1126 3664 pugnam
1136 3602 1187 3660 ejus
1198 3617 1254 3646 cum

186 3675 323 3740 justiorque
334 3676 407 3724 nobis
416 3677 525 3736 videtur,
536 3693 607 3741 quum
617 3689 661 3726 est.
741 3679 973 3727 PNalerioLaevino
980 3679 1255 3728 cosinterHeracleam

225 3769 250 3800 α.
262 3758 337 3818 Aqua
348 3750 440 3825 urcem
449 3757 500 3806 vid.
508 3775 529 3805 c.
539 3759 569 3805 52
578 3792 585 3816 ,
594 3775 619 3805 n.
628 3774 652 3805 2.
664 3785 698 3795 -
741 3768 767 3804 ct
777 3757 920 3805 Pandosiam
932 3759 963 3806 ad
976 3758 1048 3807 Sirim
1059 3757 1162 3815 flumen,
1172 3756 1215 3819 qui
1227 3757 1254 3803 in

190 3833 211 3876 L
224 3847 256 3878 m.
270 3832 294 3879 h.
308 3850 340 3880 ex
353 3851 378 3883 a.
390 3851 414 3884 n.
429 3848 462 3893 t.,·
475 3836 532 3884 ride
546 3853 566 3884 c.
579 3845 626 3899 49,
636 3853 661 3885 n.
673 3852 697 3898 9.
743 3837 821 3883 sinum
840 3838 988 3885 tarentinum
1003 3837 1144 3886 effunditur.
1163 3835 1255 3885 Confer

226 3910 250 3955 3.
261 3912 294 3957 Et
297 3924 383 3974 patres
393 3927 487 3962 uestros
498 3913 565 3978 (edd.
574 3927 629 3963 ante
639 3917 700 3963 Gro·
743 3917 827 3974 m,
844 3917 874 3974 6,
890 3933 916 3963 n.
931 3918 961 3974 3,
976 3928 999 3965 et
1013 3917 1078 3965 Flor.
1087 3918 1112 3974 Ι,
1126 3917 1170 3974 18,
1184 3933 1212 3964 n.
1226 3931 1255 3976 73

190 3987 291 4035 notium
313 3991 437 4056 nostros),
464 3994 608 4058 asperrimos
629 3994 697 4052 illos,
746 3993 802 4042 virle
813 3995 877 4042 Plut.
889 3997 976 4061 Pyrrh.
987 4014 1011 4060 p.
1027 3994 1149 4058 Spa-395.

191 4068 427 4132 contumacissimos,
438 4083 462 4120 et
471 4073 571 4123 minime
580 4073 700 4122 inclinatu-
777 4082 801 4130 4,
816 4075 894 4140 Atqui
905 4088 929 4123 et
940 4076 976 4124 ad
985 4076 1080 4123 Alliam
1094 4091 1151 4123 cum
1163 4072 1253 4128 Gallis,
