2782 4568
123 279 318 408 tssgggtj
418 329 977 401 1.IR.XX111.CAP.X111.
1162 368 1226 438 291

168 454 431 537 «minerimus,
457 477 699 549 supersumus.
725 458 921 552 Nunquam
944 474 1040 531 terra
1066 469 1232 564 marique

166 567 307 659 «magis
320 588 499 660 prosperae
511 587 569 634 res
583 578 713 634 nostrae
726 566 805 634 visre
818 581 919 654 sunt,
930 593 1040 666 quam
1052 589 1135 644 ante
1150 600 1232 647 con·

167 708 184 742 «
196 680 290 750 sules
308 683 347 749 C.
365 679 547 749 Lutatium
561 692 597 748 et
615 683 652 749 A.
668 683 894 751 Postumium
908 681 1068 757 fuerunt.
1087 693 1231 763 Lutatio

165 805 233 861 «et
256 790 440 860 Postumio
464 787 694 874 consulibuS,
722 788 853 861 devicti
876 793 920 862 ad
937 798 1077 890 AEgates
1098 800 1232 874 insulas

166 928 183 964 e
197 924 330 970 sumus.
355 899 465 989 Quod
484 900 513 968 si
535 897 593 994 (id
614 899 716 994 quod
734 899 784 968 dii
802 925 908 973 omen
932 909 1113 1003 avertant)
1132 937 1233 985 nunc

165 1040 183 1075 u
198 1035 346 1108 quoque
364 1009 512 1081 fortuna
526 1010 663 1106 aliquid
680 1012 886 1100 variaverit,
910 1029 988 1085 tum
1007 1041 1130 1113 pacem
1150 1047 1231 1119 spe-

163 1152 181 1187 «
194 1124 297 1210 ratis,
312 1146 425 1217 quum
441 1122 639 1206 vincemur,
655 1145 764 1216 quam
780 1147 892 1209 nunc,
908 1150 1022 1221 quum
1036 1131 1230 1226 vincimus,

163 1261 181 1296 a
194 1231 255 1302 dat
270 1233 401 1303 nemo?
416 1237 532 1330 Ergo,
545 1233 573 1300 si
590 1234 670 1328 quis
685 1232 731 1303 de
750 1257 837 1329 pace
853 1236 1038 1323 consulet,
1058 1265 1119 1311 seu
1137 1244 1232 1317 deie-

164 1341 307 1413 «renda
327 1342 514 1427 hostibus,
536 1367 600 1413 seu
622 1341 851 1439 accipienda,
870 1345 1013 1437 habeo,
1037 1353 1125 1447 quid
1147 1379 1231 1425 sen-

162 1482 181 1517 «
193 1454 313 1523 tentiae
328 1452 443 1522 dicam
458 1454 509 1522 :si
528 1451 573 1523 de
587 1454 645 1538 iis,
660 1478 740 1549 qua·
756 1457 862 1552 Mago
879 1459 1055 1553 postulat,
1073 1463 1229 1556 refertis3

163 1592 181 1626 «
194 1586 262 1632 nec
277 1561 474 1633 victoribus
487 1563 606 1632 mitti²
621 1565 773 1633 attinere
788 1579 898 1660 put0,
920 1584 956 1638 et
975 1568 1231 1646 frustrantibus

162 1699 261 1744 «nos
282 1672 369 1744 falsa
389 1688 497 1770 atque
518 1676 616 1745 inani
635 1700 700 1772 spe
718 1675 835 1745 multo
853 1680 974 1749 minus
992 1705 1123 1753 censeo
1145 1686 1230 1754 mit-

161 1785 301 1854 «tenda
321 1808 408 1855 esse.
425 1815 442 1849 »
463 1785 567 1854 Haud
589 1784 722 1855 multos
744 1787 858 1855 movit
879 1792 1065 1861 Hannonis
1084 1796 1199 1864 oratio
1220 1821 1228 1862 :

163 1921 247 1965 nam
266 1909 302 1965 et
321 1894 481 1964 Simultas
500 1920 583 1965 curn
601 1894 734 1965 familia
749 1897 898 1965 Barcina
916 1897 1088 1970 leviorem
1107 1918 1230 1979 aucto·

161 2030 240 2076 rem
258 2003 432 2092 faciebat,
445 2020 482 2075 et
496 2005 662 2102 occupati
676 2005 784 2074 animi
800 2009 968 2101 praesenti
986 2008 1107 2083 laetitia
1120 2014 1228 2104 nihil,

162 2141 238 2213 quo
249 2116 374 2185 vanius
385 2114 488 2186 fieret
498 2115 670 2212 gaudium
680 2138 804 2201 suum,
815 2115 961 2187 auribus
971 2119 1227 2217 admittebaut3

157 2223 454 2324 'debellatumque
474 2251 559 2296 mox
578 2221 678 2314 fore,
703 2225 730 2294 si
751 2219 863 2295 adniti
882 2228 1070 2323 paululum
1091 2233 1228 2306 voluis-

160 2353 258 2423 sent,
278 2337 463 2408 rebantur.
487 2342 614 2433 Itaque
638 2335 778 2432 ingenti
802 2359 981 2407 consensu
999 2339 1041 2409 fit
1063 2359 1228 2416 senatus-

160 2448 385 2535 consultum,
399 2461 439 2517 ut
455 2445 647 2516 Hannibali
667 2458 824 2542 quatuor
839 2447 1102 2519 Numidarum³
1115 2454 1226 2525 millia

161 2560 198 2629 in
224 2558 518 2659 supplementum
548 2557 797 2644 mitterentur,
823 2571 859 2643 et
888 2558 1124 2658 quadraginta
1151 2561 1223 2637 ele·
1260 2649 1261 2656 χ
1338 2624 1340 2632 .

159 2750 262 2798 allorum
278 2751 349 2814 loqui
366 2748 496 2806 deberent;
511 2748 558 2794 Str.
577 2747 668 2792 Recte:
714 2745 770 2792 cina
783 2745 850 2808 (vide
862 2746 893 2794 ad
906 2749 983 2806 xxi,
995 2765 1023 2807 a,
1037 2766 1062 2797 n.
1075 2751 1102 2814 5)
1114 2752 1225 2802 leviorem

159 2845 211 2876 non
227 2847 301 2888 vero,
317 2829 359 2876 ubi
376 2828 436 2874 alios
453 2827 581 2888 loquentes
597 2823 670 2870 indu·
714 2834 838 2870 auctorem
851 2826 977 2873 sententie
982 2827 1099 2890 faciebat
1104 2848 1115 2886 ;
1128 2832 1183 2879 vide
1193 2833 1226 2880 ad
1247 2854 1249 2858 ¹

90 2952 91 2957 ,
160 2919 234 2966 cunm
249 2910 333 2957 saltem
351 2906 378 2953 id
394 2922 445 2953 non
461 2903 670 2969 probandum-
714 2903 867 2961 1,16‚n.7.
904 2954 907 2959 ,

159 2986 207 3035 Hic
219 3004 269 3035 non
284 2986 443 3036 omittendam
458 2983 596 3030 censuimus
605 2981 671 3030 Wal·
751 2981 775 3027 3.
794 2982 906 3042 Quatuor
917 2982 1081 3030 Numidarum
1086 3019 1093 3041 ,
1109 3002 1143 3035 sc.
1157 2990 1226 3051 equi.

159 3063 210 3112 chii
219 3067 375 3121 sententiam,
385 3062 512 3111 Emendat.
519 3077 545 3124 p.
553 3059 616 3116 216,
628 3060 671 3121 qui
715 3069 779 3117 tum,
794 3060 889 3106 millia:
902 3069 958 3107 ante
972 3059 1049 3106 millia
1059 3064 1179 3113 excidisse
1188 3068 1226 3115 vi·

158 3160 244 3192 vocem
251 3145 341 3208 punico
351 3142 479 3192 defendere
489 3150 599 3188 conatur.
609 3141 671 3185 Sane
712 3138 777 3202 ginti
784 3138 895 3202 peditum
907 3139 1008 3201 putabat
1023 3141 1160 3202 Drakenb.;
1178 3161 1224 3209 ago

159 3225 258 3286 quidem
265 3223 379 3271 mutanda
386 3223 440 3278 erit,
447 3219 550 3282 si‚quid
559 3234 670 3283 personae
714 3227 809 3274 nutem,
823 3215 950 3262 duodecim
964 3211 1042 3264 millia
1052 3220 1178 3280 peditum,
1193 3224 1224 3272 de

159 3305 278 3350 senatoris
301 3301 500 3366 carthaginiensis
525 3297 669 3354 conveniat,
714 3297 803 3360 quibus
820 3295 875 3343 vide
892 3311 947 3358 cap.
963 3297 1004 3341 32.
1023 3297 1098 3358 Quod
1112 3312 1187 3363 caput
1202 3305 1225 3350 ei

160 3396 301 3442 quaeramus.
311 3380 452 3429 Condonari
463 3389 543 3426 autem
557 3393 584 3423 ea
597 3376 670 3423 debet
714 3374 847 3422 contuleris
867 3389 922 3419 cum
939 3385 1038 3432 nostro,
1059 3377 1098 3423 vel
1120 3377 1169 3438 ibi,
1186 3383 1225 3429 vel

160 3459 286 3523 scriptori,
299 3463 341 3523 qui
354 3462 444 3523 ubique
457 3457 566 3506 ostendit
579 3472 604 3503 ae
614 3458 670 3502 sen·
714 3453 739 3499 h.
753 3454 769 3500 l.
783 3453 852 3517 plura
870 3463 985 3514 corrupta
1003 3454 1119 3517 suspicari
1135 3462 1224 3520 possis.

159 3539 260 3586 tentiam
270 3539 398 3585 verborum
406 3539 482 3600 magis
491 3552 588 3593 curare,
598 3551 669 3597 quam
714 3534 775 3594 Quae
789 3543 1025 3586 moxymemorantur
1042 3533 1132 3595 uiginti
1146 3537 1224 3584 millia

159 3618 234 3665 verba
248 3632 254 3665 :
274 3632 319 3663 nec
333 3617 363 3662 ab
376 3616 422 3664 hae
438 3617 509 3680 culpa
525 3616 618 3662 alienus
634 3625 669 3661 est
708 3612 834 3675 peditum,
843 3621 950 3675 quatuor
957 3611 1064 3675 equitum
1074 3613 1098 3658 in
1108 3615 1224 3678 Hispania

158 3697 252 3760 aliquot
275 3695 336 3743 locis
357 3694 428 3741 etiam
446 3695 552 3742 Tacitus.
568 3696 614 3741 En.
635 3721 670 3730 -
714 3702 781 3738 erant
796 3690 968 3747 conducenda,
982 3705 1046 3746 nou,
1060 3702 1087 3738 ut
1097 3691 1221 3754 Numidae,

159 3777 240 3837 Quam
252 3792 330 3831 necne,
347 3789 420 3838 quum
433 3774 566 3830 vincimen
577 3773 626 3820 vid.
637 3772 669 3819 ad
713 3770 739 3817 iu
746 3771 841 3827 Africa,
849 3786 894 3816 nec
903 3769 950 3815 soli
959 3769 1076 3816 mittenda
1082 3773 1222 3823 Hannibali.

159 3855 214 3911 nt,
232 3856 261 3912 3,
274 3871 300 3902 n.
311 3871 335 3901 a.
713 3850 776 3896 Mox
787 3865 832 3913 pro
845 3847 921 3894 multa
933 3849 1045 3894 Muretus
1056 3861 1126 3897 acute
1141 3855 1224 3914 conje.

187 3947 219 3978 ·a.
234 3935 285 3979 Nee
296 3931 429 3979 victoribus
443 3929 518 3986 mitti,
530 3946 583 3993 quae
594 3932 669 3993 Mago
714 3929 748 3975 cit
756 3930 791 3974 M.
805 3927 884 3982 VCta,
895 3925 920 3972 h.
931 3944 951 3973 e.
962 3927 1027 3973 mille
1039 3926 1183 3992 quingenta,
1200 3945 1225 3980 et

159 4011 279 4072 postulat,
293 4011 395 4058 attinere
403 4021 466 4073 puto
473 4027 483 4065 ‚¹
496 4009 561 4057 conf.
573 4011 604 4057 ad
614 4027 667 4075 cap.
713 4010 791 4056 Gron.
799 4006 864 4053 mille
872 4021 903 4051 ex
911 4021 933 4053 c.
943 4008 983 4053 32.
991 4032 1026 4040 --
1035 4008 1137 4070 Argenti
1145 4012 1222 4058 multa

88 4089 105 4115 ’·
160 4087 597 4154 3,n.t,.-·Simultascumfitmilia
606 4091 670 4137 Bar·
713 4087 815 4134 talenta.
824 4085 953 4143 Creverius
962 4085 1045 4134 mallet
1055 4085 1121 4135 mille
1131 4090 1223 4136 talenta

987 4196 1045 4267 19.
