2782 4568
397 335 462 400 DE
487 332 744 400 TRANSl'l'U
770 332 976 399 ALPlUM.
1083 414 1087 419 ,
1145 327 1212 426 507

159 465 360 515 retraxerunt
385 451 511 514 Dutems
540 466 574 514 et
596 447 739 517 Chrcitien
760 450 800 513 de
813 450 936 536 Lorgcs.
959 450 1109 533 Quorum
1127 452 1217 539 prior

158 552 321 640 inopere,
336 551 387 614 cui
403 551 538 632 titulus,
560 548 720 641 ltirte'rairc
738 551 792 614 des
809 562 912 615 roulcs
928 548 971 613 les
981 548 1216 640 plusfie‘queu·

158 650 237 732 te'es,
265 668 325 716 etc.
350 652 456 735 Paris,
483 651 583 738 1788,
605 652 1215 740 in·12,Equitis'Folardsententiam

159 753 316 833 restituit,
334 753 397 815 hoc
423 753 583 842 praecipue
608 752 702 817 nixus
732 768 941 847 argumento,
970 752 1060 840 quod
1083 774 1123 816 ex
1148 777 1217 818 uno

159 870 289 936 monte,
306 877 407 942 prope
427 855 563 918 Ocelu'm
586 856 663 935 sito,
682 855 853 918 monstrari
875 853 1030 917 exercitui
1050 842 1216 940 potuerint

158 955 399 1044 circumpadani
424 958 539 1044 campi.
571 959 657 1021 Alter
682 954 789 1021 autem
815 956 849 1019 in
873 955 956 1018 libro
979 955 1024 1018 sic
1044 956 1216 1043 inscripto,

158 1057 263 1120 Essais
277 1058 459 1146 histon'ques
472 1080 527 1120 sur
537 1057 566 1120 le
576 1058 683 1145 grand
698 1056 968 1134 Sciat-Berconi,
990 1054 1090 1141 1789,
1108 1060 1218 1139 tir-12,

159 1181 217 1246 per
226 1159 318 1231 hunc
329 1181 433 1224 unum
445 1158 560 1245 dequo
571 1160 868 1245 loquiturmontem
879 1159 977 1222 ltaliae
986 1157 1125 1239 aditum,
1136 1158 1220 1221 llan-

160 1260 257 1324 nibali
273 1268 379 1349 pa'tere
392 1261 536 1350 potuisse
552 1259 738 1342 contendit,
756 1261 1017 1349 omniaqueante
1030 1282 1065 1324 se
1075 1261 1110 1323 in
1121 1261 1218 1340 hujus

159 1363 326 1426 sententiae
342 1360 563 1426 defensionem
579 1377 756 1426 memorata
767 1363 857 1430 lucro
870 1383 1053 1451 apponens,
1074 1361 1217 1443 Livium,

160 1464 234 1550 quia
253 1487 330 1527 cum
346 1465 416 1551 ipso
431 1486 497 1526 non
516 1465 694 1543 consentit,
710 1463 824 1552 saepius
840 1464 1002 1550 increpat,
1018 1461 1151 1526 acerbus
1165 1485 1217 1525 ca·

160 1565 302 1653 stigator.
432 1648 436 1653 ,
1144 1640 1154 1649 .

207 1665 405 1753 1763·1792.
417 1660 588 1754 Opinionis
602 1665 699 1744 hujus
711 1712 720 1745 ,
731 1664 936 1752 quantumvis
952 1686 1030 1727 rane
1046 1680 1143 1751 atque
1154 1665 1219 1727 sin·

78 1773 83 1781 “
160 1767 295 1855 gularis,
318 1766 491 1854 aliquando
514 1766 666 1830 defensor
692 1764 911 1829 nobilissimus
931 1765 1052 1828 exstitit
1076 1763 1217 1843 Gibbou,

161 1869 216 1955 qui
234 1869 359 1931 romani
380 1868 505 1957 imperii
522 1890 613 1932 casus
637 1867 674 1929 iu
698 1866 831 1929 historia
849 1888 907 1929 sua
922 1881 1009 1929 tanta
1030 1887 1106 1929 cum
1125 1864 1220 1927 laude

160 1968 336 2055 explicavit.
361 1967 513 2035 Praeclara
536 1966 682 2055 quaedam
707 1966 747 2029 de
765 1966 824 2030 hac
841 1988 878 2029 re
897 1966 1081 2029 invenimus
1101 1965 1135 2029 in
1151 1954 1220 2044 ejus

161 2069 369 2132 miscellaneis
400 2069 575 2158 operibus,
604 2067 761 2155 adscripta
790 2067 843 2131 die
867 2067 1010 2132 octobris
1037 2071 1102 2149 24,
1132 2090 1220 2131 anno

165 2169 256 2255 1763.
272 2170 537 2258 Quamprimum
553 2169 694 2235 Cluverii
705 2170 824 2232 librum
836 2169 979 2257 legisset,
996 2169 1054 2256 qui
1068 2169 1109 2232 de
1121 2185 1222 2233 trans-

160 2270 208 2333 itu
232 2271 363 2360 Alpium'
391 2287 523 2352 tractat,
548 2270 721 2358 Polybium
748 2292 824 2333 cum
851 2269 942 2333 Livio
966 2269 1130 2334 conciliari
1152 2292 1219 2331 nou

160 2392 252 2456 posse
263 2372 443 2461 perspexit:
456 2372 565 2458 itaque
578 2371 737 2458 exposuit,
754 2392 826 2458 quae
840 2392 936 2434 causa
948 2371 1075 2436 Livium
1089 2369 1223 2434 induxe-

161 2469 218 2549 rit,
235 2486 272 2534 ut
281 2472 493 2536 Hannibalem
510 2494 571 2558 per
589 2473 712 2535 Cottias
728 2471 825 2559 Alpes
841 2470 1028 2554 deduceret,
1041 2482 1076 2536 'et
1092 2471 1221 2559 opinio·

161 2580 237 2631 nem
252 2570 428 2652 Veterum,
452 2572 572 2635 scilicet
595 2573 629 2634 in
646 2572 798 2635 Salassos
825 2573 975 2637 omnium
999 2573 1123 2661 primos
1145 2595 1221 2636 eum

160 2668 384 2751 descendisse,
412 2664 604 2758 repudiaret
627 2673 711 2735 Tum
734 2694 774 2736 ex
798 2673 924 2762 polybii
943 2675 1127 2738 narratione
1142 2697 1222 2737 con·
1264 2666 1267 2671 ’

158 2770 239 2851 jicit,
252 2771 368 2834 Poenos
383 2793 417 2835 se
428 2794 487 2860 per
498 2796 664 2837 summum
679 2774 864 2838 Penninum
880 2778 977 2841 ltaliae
990 2777 1148 2841 intulisse.
1160 2779 1221 2840 Ar·

162 2889 317 2960 gumenta
337 2873 405 2962 ipse
427 2873 546 2961 quibus
563 2891 700 2962 utraque
716 2876 863 2940 firmatur
876 2878 1098 2965 refelliturque
1110 2877 1225 2965 opinio

159 2973 341 3055 examinat,
367 2991 399 3038 et
423 2975 553 3039 demum
580 2976 671 3039 dubii
694 2992 789 3040 tenax
814 2977 858 3040 ita
878 2979 1070 3044 concludit:
1090 3010 1103 3035 κ
1116 2979 1223 3042 Latini

160 3074 344 3163 «scriptoris
368 3077 585 3140 narrationem
611 3100 680 3140 esse
700 3077 975 3160 verisimiliorem,
996 3082 1089 3169 graeci
1111 3098 1222 3148 autem

159 3207 170 3229 «ι
180 3178 320 3240 auctoris
336 3200 443 3240 veram
461 3177 560 3266 magis
574 3177 710 3242 videri».
730 3179 799 3242 Hac
811 3201 997 3266 quanquam
1011 3179 1104 3243 dubii
1116 3179 1222 3269 specie

158 3276 343 3361 involutus,
366 3279 519 3342 Penniuoe
535 3278 615 3368 Alpi
631 3295 739 3343 tamen
766 3301 800 3342 se
827 3279 933 3343 lavere
954 3281 1030 3344 satis
1053 3281 1220 3370 significat.

159 3379 344 3443 Doctissimi
360 3402 438 3443 vero
451 3380 620 3461 Danville,
636 3379 728 3460 eujus
742 3379 907 3444 seientiam
922 3382 1052 3445 maximi
1069 3382 1222 3464 faciebat,

159 3472 346 3544 auctoritate
359 3496 470 3568 postea
478 3480 620 3563 victus,a
633 3480 733 3579 priori
747 3482 904 3545 sententia
912 3481 1041 3546 videtur
1053 3481 1221 3564 destitisse,

159 3593 191 3640 et
207 3577 358 3667 deinceps
375 3604 434 3669 pro
450 3583 533 3646 saltu
548 3584 690 3646 Taurino
714 3583 881 3664 militasse3
903 3583 1023 3670 quippe
1041 3592 1115 3646 euin
1133 3606 1220 3647 anno

163 3699 244 3764 1792
264 3679 321 3743 viae
341 3704 360 3743 a
377 3683 415 3746 ol.
431 3683 582 3748 Donville
595 3682 763 3772 descriptae
779 3683 981 3748 defensorem
996 3707 1031 3747 se
1044 3685 1222 3751 ostendisse

162 3796 364 3865 compertum
382 3782 547 3848 habemus.

201 3879 277 3942 Non
291 3880 371 3945 adeo
381 3882 513 3969 quidem
522 3886 625 3950 valide
638 3909 783 3974 unquam
798 3888 943 3975 opinioni
957 3886 1142 3968 adhaeserat,
1156 3911 1220 3975 qua

158 4001 322 4045 summum
349 3984 531 4048 Penninum
557 4011 721 4075 superasse
744 3989 1020 4077 Carthaginienses
1051 3988 1219 4072 feruntur;
