2782 4568
188 283 309 400 ttza
374 296 526 386 claun
560 319 701 385 xxiv.
729 319 835 386 oar.
865 321 1043 388 xxxix.
1152 326 1224 419 449

162 438 455 534 claudendosque
485 439 642 536 oppositi
668 439 803 528 exitus,
825 464 907 537 pars
937 441 1091 510 maxima
1117 468 1226 542 super

162 549 342 620 theatrum
357 550 542 645 circaque,
558 551 689 619 assueti
706 563 742 620 et
756 564 840 621 aute
854 553 1066 649 spectaculis
1085 559 1228 626 concio·

162 683 270 743 num,
293 661 505 730 consistunt.
525 657 725 730 Productus
746 659 791 730 ad
813 659 990 758 populum
1008 664 1227 760 amagistra-

162 771 259 843 tibus
274 771 464 870 praefectus
478 795 670 856 romanus,
690 796 806 867 quum
821 773 978 843 consulis
993 798 1034 843 ea
1055 773 1154 844 dere
1167 775 1226 870 jus

161 906 202 955 ac
222 898 437 982 potestatem
460 907 557 971 esse,
585 907 661 953 non
684 906 807 971 suam,
826 897 863 953 et
886 883 1060 981 pleraque
1080 884 1226 975 eadem,

161 1019 241 1091 quae
254 994 390 1093 pridie,
407 994 574 1081 dixisset,
590 995 708 1091 primo
729 994 860 1064 sensim
876 1017 917 1064 ac
939 994 1062 1092 plures
1075 994 1227 1068 reddere

161 1105 297 1192 claves,
320 1103 406 1174 dein
423 1105 496 1199 jam
518 1129 593 1172 una
615 1127 704 1174 voce
722 1102 761 1172 id
783 1126 910 1174 omnes
925 1103 1118 1199 juberent,
1138 1132 1226 1178 cun-

82 1256 86 1261 ·
161 1214 346 1309 etantique
364 1237 405 1282 ac
422 1210 606 1283 differenti
621 1208 789 1282 ferociter
802 1214 1072 1306 minitarentur,
1089 1244 1157 1290 nec
1175 1223 1227 1292 vi-

162 1323 335 1394 derentur
353 1321 449 1392 ultra
469 1323 543 1392 vim
564 1320 728 1391 ultimam
748 1320 918 1408 dilaturi3
940 1339 1018 1394 tum
1038 1328 1228 1425 praefectus

161 1446 245 1527 toga
255 1432 419 1528 signum,
437 1447 728 1518 utconvencrat,
743 1431 860 1521 dedit,
878 1432 1082 1533 militesque
1096 1440 1227 1512 intenti

162 1541 303 1613 dudum
316 1566 357 1613 ac
369 1543 500 1639 parati,
516 1540 576 1612 alii
590 1565 746 1639 superne
759 1543 798 1611 in
812 1554 996 1613 aversam²
1012 1550 1227 1621 concionem

162 1653 319 1723 clamore
332 1651 475 1722 sublato
492 1650 707 1740 decurrunt,
727 1651 786 1721 alii
802 1650 846 1721 ad
864 1653 980 1723 exitus
995 1654 1125 1727 theatri
1142 1684 1228 1731 con·

162 1759 244 1832 ferti
266 1759 458 1832 obsistunt.
487 1759 686 1832 Caeduntur
707 1765 918 1833 Hennenses
944 1789 1050 1836 cavea
1074 1768 1228 1861 inclusi,

162 1886 511 1967 coacervanturque,
530 1895 614 1941 non.
628 1871 723 1942 caede
743 1871 881 1960 solum,
905 1874 967 1944 sed
992 1877 1100 1948 etiam
1121 1879 1227 1980 luga3

162 2004 277 2076 quum
292 1981 351 2052 alii
367 2005 475 2079 super
488 1981 641 2051 aliorum
656 1981 773 2076 capita
785 1999 951 2073 ruerent,
968 2001 1079 2084 atque
1096 1990 1228 2089 integri

161 2092 306 2178 sauciis,
328 2091 400 2161 vivi
418 2092 571 2162 mortuis
590 2091 811 2178 incidentes,
833 2091 1115 2168 cumularentur.
1137 2102 1228 2174 lnde

158 2203 290 2298 passim
314 2203 544 2290 discurritur,
566 2215 603 2273 et
624 2200 723 2272 urbis
749 2216 860 2299 captae
880 2205 991 2276 modo
1010 2206 1168 2306 fugaque
1192 2230 1227 2285 et
1326 2214 1328 2221 ’

161 2315 275 2388 caedes
300 2314 422 2386 omnia
448 2327 548 2383 tenet
572 2339 579 2382 :
603 2311 719 2405 nihilo
747 2313 949 2383 remissiore
976 2315 1131 2388 militum
1156 2323 1228 2411 ira,

161 2427 262 2523 quod
276 2423 418 2496 turbam
441 2424 615 2492 inermem
631 2420 838 2510 caedebant,
853 2448 963 2519 quam
982 2427 1011 2495 si
1025 2430 1228 2523 periculum

161 2549 280 2633 paret
303 2534 411 2604 ardor
436 2533 640 2604 certaminis
664 2557 725 2602 eos
746 2533 912 2602 irritaret.
941 2537 994 2604 Ita
1017 2540 1144 2617 Henna
1167 2560 1230 2614 aut

162 2643 274 2730 malo,
292 2655 354 2712 aut
369 2643 569 2711 necessario
588 2640 748 2711 facinore
763 2639 939 2713 retenta3.
952 2648 1142 2722 Marcellus
1160 2679 1228 2726 nec

162 2752 295 2826 factum
315 2749 549 2849 improbavit,
568 2764 603 2820 et
617 2750 776 2847 praedam
787 2757 1037 2828 Hennensium
1055 2762 1230 2839 militibus

162 2863 355 2949 concessit,
370 2875 486 2946 ratus,
506 2861 634 2930 timore
651 2860 840 2933 deterritos
859 2878 1122 2963 temperaturos
1141 2899 1228 2972 pro-

162 2972 360 3047 ditionibus
368 2971 617 3067 praesidiorum
624 2972 774 3042 Siculos.
784 2977 902 3069 Atque
917 2999 957 3045 ea
972 2977 1108 3067 clades,
1120 2999 1162 3054 ut
1171 3012 1228 3056 ur·

162 3185 218 3235 edd.
236 3196 293 3232 ante
306 3183 397 3232 Stroth.
407 3198 446 3232 >ex
458 3181 613 3241 contvntae.
629 3183 676 3244 Op-
718 3192 830 3228 retento:
842 3198 898 3229 nam
910 3195 960 3240 erat
973 3187 1064 3233 molum
1076 3192 1228 3259 omuinofa.

157 3277 277 3329 portunus
288 3262 367 3309 exitus
378 3259 482 3308 malebat
495 3261 549 3307 Jac.
560 3262 672 3309 Gronov.
718 3259 801 3316 cinus,
819 3259 840 3306 si
857 3276 887 3308 eo
905 3262 1027 3312 abstinere
1044 3279 1159 3330 poterant
1176 3274 1228 3324 sine

163 3342 235 3391 Conf.
251 3342 283 3390 ad
298 3343 323 3399 1,
338 3341 386 3399 54,
400 3355 425 3386 n.
440 3346 463 3392 t.
477 3338 541 3385 Mox
554 3348 578 3384 et
590 3337 672 3401 primo
716 3353 761 3384 suo
774 3353 905 3386 suorumve
916 3342 1040 3404 periculo,
1059 3347 1081 3392 si
1093 3364 1144 3396 non
1157 3365 1228 3420 pote.

162 3421 249 3467 semim
257 3421 322 3478 conj.
332 3418 397 3466 Duk.
408 3428 432 3465 et
441 3417 513 3466 Crev.
579 3467 580 3471 ,
716 3427 785 3473 rant,
799 3428 849 3464 erat
862 3420 1023 3468 necessarium
1028 3441 1039 3479 ;
1050 3425 1121 3474 Grut.
1128 3456 1163 3466 —
1170 3433 1228 3481 Cre·

197 3514 222 3544 n.
234 3499 339 3561 Superne
353 3496 378 3543 in
393 3512 503 3544 aversam
515 3494 669 3552 concionem,
716 3495 1104 3561 vetiusinterpretatur,autmalo
1112 3507 1229 3571 facinore,

107 3618 110 3622 ,
161 3592 225 3634 non,
238 3587 265 3623 ut
275 3575 348 3638 vulgo
359 3574 459 3638 legitur,
473 3573 613 3630 adversam,
629 3573 673 3620 sed
716 3585 758 3621 aut
771 3591 801 3622 eo
817 3577 886 3638 quod
903 3580 1034 3629 necessitas
1047 3583 1129 3632 colore
1146 3589 1229 3654 aliquo

162 3653 367 3719 quaeamilitibus
376 3653 403 3699 in
414 3653 599 3702 concionantem
610 3668 673 3716 prae·
717 3651 845 3712 defendat,
860 3671 888 3702 ac
904 3657 1009 3720 proinde
1020 3676 1067 3723 pro
1083 3664 1147 3711 malo
1163 3667 1231 3717 dam.

162 3734 251 3782 fectum
261 3749 323 3781 rom.
330 3747 400 3779 versa
407 3743 469 3791 erat3
481 3733 674 3780 Gronovius-
718 3747 776 3778 nare
790 3744 864 3782 vetet.
876 3736 945 3783 Hanc
962 3737 1163 3802 elegantissimam
1178 3765 1230 3797 sen.

165 3812 244 3860 Cavea
262 3812 351 3860 theatri
368 3811 450 3869 locus,
465 3811 508 3858 ubi
523 3821 672 3875 spectatores
717 3811 819 3859 tentiam
836 3828 886 3860 non
905 3814 1014 3864 videmus
1034 3834 1078 3865 cur
1096 3822 1143 3870 virl
1161 3826 1229 3876 docti

162 3891 276 3940 ludorum
288 3891 382 3939 sedent.
717 3890 790 3937 variis
815 3892 961 3952 conjecturis
990 3895 1130 3950 sollicitent.
1160 3906 1229 3954 Nihil

200 3971 223 4019 3.
235 3973 277 4016 Ita
291 3971 380 4016 Henna
394 3980 439 4016 aut
453 3969 517 4015 malo
532 3967 608 4033 (retello
622 3985 672 4016 ma·
717 3969 782 4017 enim
792 3969 887 4027 clarius,
896 3985 974 4033 neque
983 3974 1083 4036 aequitas
1092 3963 1228 4042 pribabtlig

162 4048 227 4096 lebat
240 4045 344 4111 Gron.)‚
357 4059 402 4095 out
413 4047 547 4094 necessario
555 4047 673 4111 facinore
717 4047 792 4096 abest.
802 4050 848 4096 En.
868 4075 904 4110 ··.
919 4051 1227 4121 Temperaturosproditio.

283 4136 349 4202 JV.
1011 4160 1057 4234 29
