2782 4568
398 316 462 382 DE
490 308 739 407 TRANSITU
764 307 969 376 ALPIUM.
1141 307 1213 403 489

156 468 167 492 «
170 443 322 525 passages
337 434 413 518 (des
426 433 522 523 Alpes
520 436 561 519 ).·
577 432 643 496 l'nn
653 452 722 520 pur
738 425 781 493 les
794 430 957 517 Liguriam
963 478 972 510 ,
989 429 1019 492 le
1036 428 1112 516 long
1127 429 1166 492 de
1180 431 1215 492 lu

158 561 246 599 «mer
260 531 488 620 Tyrrhenicum
495 553 508 613 ,³
523 557 566 597 un
583 549 676 598 autre
685 557 753 621 par
768 532 796 596 le
807 555 890 622 pays
901 532 954 596 des
966 533 1167 612 Taurimens,
1186 546 1217 595 et

159 635 385 725 «qu’Armibal
401 650 542 709 traversa
551 660 564 715 ,·
592 658 634 698 un
653 649 745 698 autre
761 656 827 723 par
846 633 931 696 celui
945 634 998 696 des
1016 631 1151 696 Salassos
1156 659 1169 714 ;
1186 633 1201 695 l
1216 642 1219 647 '

159 735 351 825 «quambene
361 761 428 825 par
452 737 494 800 les
517 733 681 800 eretzbns:
697 751 766 800 tous
785 750 897 823 quatre
918 734 1042 824 remplis
1057 735 1097 796 de
1113 731 1215 822 preci·

159 841 293 926 «pices».
311 837 411 920 Quod
431 837 458 900 si
480 837 550 900 baec
569 836 667 900 verba
684 848 719 904 lv.
734 832 839 907 Aenea<
858 841 975 911 «luntas,
994 835 1219 923 qu’Hannibal

157 950 295 1004 traversa
303 987 313 1018 ,
328 963 369 1003 ex
382 939 519 1027 Polybio
535 961 682 1026 expressa
696 955 790 1020 sunt,
807 938 886 1026 qnid
899 939 963 1017 jam
981 936 1218 1026 disceptamus?

159 1065 270 1105 nonne
285 1041 459 1128 Polybium
476 1041 668 1128 Liviumque
687 1041 720 1102 in
743 1062 782 1104 eo
802 1040 986 1104 consentire
1001 1054 1106 1127 petet,
1126 1039 1216 1127 quod

159 1143 345 1207 Cottianum
362 1144 478 1206 saltum
494 1141 585 1206 Poeni
601 1141 846 1229 superaverint?

202 1245 321 1308 Saltem
329 1266 366 1306 ea
376 1243 508 1306 inlibris
517 1243 644 1330 Polybii
654 1237 710 1330 qui
722 1257 908 1330 supersunt,
915 1262 983 1304 non
995 1240 1217 1329 reperiuntur:

160 1367 329 1432 quumque
343 1344 378 1407 id
393 1343 531 1408 maxime
545 1344 623 1407 sciat
638 1343 844 1407 doctissimus
860 1342 1027 1419 Latrones,
1045 1341 1105 1404 ista
1120 1342 1219 1405 verba

160 1470 231 1533 quae
245 1463 352 1510 tamen
365 1445 550 1510 aStrabone
563 1444 671 1509 addita
684 1468 750 1509 nou
764 1444 856 1524 velit,
870 1465 909 1507 ex
918 1442 1067 1506 Historiis
1075 1443 1218 1531 Polybii,

160 1547 244 1611 libro
262 1547 419 1628 XXXIV,
438 1568 600 1634 nusquam
617 1546 807 1634 superstite,
825 1544 1016 1633 deprompta
1033 1543 1220 1625 contendit,

160 1647 417 1734 Strabonemque
437 1667 474 1710 ea
494 1646 634 1711 scribere
652 1669 691 1710 ex
706 1668 740 1710 se
758 1668 826 1709 non
846 1645 1007 1734 potuisse,
1024 1646 1145 1733 quippe
1163 1647 1220 1733 qui

160 1749 258 1835 Alpes
271 1771 440 1836 nunquam
452 1748 611 1830 inviserit,
624 1764 656 1811 et
667 1749 700 1810 in
713 1747 849 1835 Alpibus
864 1745 1082 1810 describendis
1093 1747 1221 1835 Polybii

161 1849 288 1913 insistat
302 1848 445 1937 vestigiis
463 1873 470 1912 :
485 1848 573 1912 unde
587 1850 626 1912 cl.
640 1849 794 1912 Letronm
806 1848 1012 1936 pronuntiat,
1031 1847 1082 1911 bis
1097 1849 1220 1925 verbis,

107 1940 109 1945 ¹
162 1950 228 2014 sive
239 1949 493 2040 Polybio,quod
504 1951 650 2038 plerique
663 1949 910 2027 hactenus,sive
921 1948 1072 2013 Straboni
1080 1949 1224 2013 tribuan-

162 2066 230 2131 tur,
242 2051 342 2139 ipsius
355 2068 443 2116 certe
455 2050 582 2139 Polybii
593 2052 786 2114 sententiam
794 2050 1025 2138 representari.
1036 2051 1104 2115 Nos
1113 2067 1221 2115 autem

162 2149 207 2213 illi
222 2167 417 2240 argumento
429 2152 495 2215 vim
505 2167 628 2215 tantam
641 2152 747 2215 inesse
758 2173 827 2215 non
840 2150 1050 2234 arbitramur3
1059 2152 1224 2240 verbaque

163 2275 201 2314 ex
213 2252 346 2340 iugenio
360 2253 527 2317 Strabonis
538 2252 664 2334 addita,
677 2253 721 2316 ita
732 2268 770 2315 ut
781 2251 821 2315 ad
830 2270 899 2314 rem
912 2253 1002 2316 nullo
1013 2253 1114 2316 modo
1123 2255 1222 2340 perti-
1324 2275 1326 2280 ’

163 2369 269 2417 neunt.
280 2355 342 2417 Hic
356 2355 442 2418 enim
453 2377 556 2441 quum
568 2353 764 2417 describeret
769 2353 881 2439 Alpes,
891 2352 1064 2439 Polybium
1073 2353 1223 2441 quidem,

163 2454 220 2540 qui
235 2476 288 2517 eas
303 2470 449 2519 accurate
464 2455 626 2537 inviserat,
641 2454 761 2518 ducem
769 2468 802 2516 et
810 2452 902 2538 quasi
915 2452 1161 2541 antesignanum
1174 2477 1225 2519 se·

164 2554 219 2639 qui
233 2554 365 2634 maluit,
378 2570 412 2617 at
429 2555 533 2642 siqua
548 2556 695 2620 locorum
712 2555 921 2642 descriptioni
938 2569 1128 2617 ornamenta
1139 2577 1156 2617 e
1167 2577 1225 2618 sua

163 2676 250 2740 penu
266 2652 441 2718 admiscere
458 2656 519 2742 ipsi
538 2657 685 2738 libuerit,
702 2678 783 2720 num
800 2679 838 2719 ea
856 2657 964 2719 omnia
981 2657 1022 2719 ab
1039 2648 1110 2736 illo,
1126 2679 1225 2745 quem

164 2755 329 2841 sequitur,
339 2771 471 2818 auctore
486 2757 599 2819 hausta
612 2755 822 2845 putabimus?
836 2756 878 2818 Et
893 2778 983 2820 nune
996 2756 1128 2838 Strabo,
1146 2756 1225 2819 dum

163 2855 293 2917 illorum
307 2855 470 2918 montium
482 2855 598 2919 limites
613 2855 821 2937 determinat,
836 2871 868 2919 et
878 2857 996 2943 quibus
1009 2875 1221 2947 peragrentur

164 2955 221 3018 uiis
231 2971 347 3037 narrat,
358 2979 425 3018 non
434 2956 743 3044 praetermittendum
755 2957 891 3045 putavit,
899 2956 1031 3043 quodin
1043 2958 1226 3021 iismaxime

164 3056 376 3143 conspicuum
400 3074 432 3120 et
454 3056 580 3146 insigne
596 3056 735 3139 videret,
751 3058 853 3121 immo
877 3057 956 3145 quid
977 3058 1045 3145 ipse
1065 3058 1106 3121 de
1130 3081 1167 3121 ea
1192 3082 1227 3122 re

165 3174 326 3238 censeret,
350 3159 512 3246 extemplo
531 3159 784 3224 enunciandum,
800 3159 882 3222 Livii
900 3159 1022 3223 scilicet
1042 3160 1226 3223 Strabonis·

165 3283 229 3346 que
242 3275 389 3347 tempore
404 3262 545 3323 multum
562 3259 702 3324 diversas
723 3259 765 3324 de
780 3261 956 3324 Poenorum
973 3261 1089 3325 itinere
1104 3261 1229 3347 opinio-

165 3383 222 3423 nes
233 3384 302 3425 esse
313 3363 455 3451 vulgatas
466 3383 507 3424 ex
520 3363 590 3448 ipso
600 3362 823 3426 Liviocertum
832 3378 881 3425 est
889 3361 981 3448 ,qui,
992 3361 1052 3424 etsi
1060 3361 1227 3425 contrariae

166 3462 330 3524 sententiae
344 3464 462 3542 faveat,
480 3462 599 3525 fatetur
611 3479 719 3526 tamen
732 3463 830 3550 vulgo
842 3461 929 3526 credi
944 3462 1158 3526 Hannibalem
1171 3486 1229 3552 per

166 3560 326 3624 Penninas
338 3563 433 3649 Alpes
449 3581 683 3653 transgressum
695 3563 708 3651 (
715 3586 781 3651 quo
797 3562 935 3628 nomine*
945 3581 977 3628 et
988 3563 1091 3627 Graiae
1104 3581 1136 3628 et
1147 3565 1230 3629 Pen-

166 3662 250 3724 ninae
270 3663 366 3749 Alpes
386 3665 504 3750 pariter
526 3664 814 3752 designabantur),
834 3688 942 3752 neque
962 3681 1056 3753 negat
1073 3666 1228 3749 Coelium,

167 3763 224 3848 qui
242 3763 353 3855 punici
368 3763 466 3845 hujus
485 3766 561 3829 belli
583 3766 785 3853 temporibus
807 3767 911 3829 fuerat
935 3767 1086 3854 propior,
1104 3768 1229 3830 Hanni·

167 3864 230 3926 bati
246 3863 370 3928 aditum
382 3865 479 3929 Italiae
490 3890 550 3954 per
561 3868 715 3932 Cremonis
721 3867 843 3956 jugum
856 3866 1036 3954 aperuisse,
1051 3866 1136 3930 idem
1151 3890 1229 3932 sane

169 3965 257 4050 quod
276 3966 435 4031 Centronis
443 3968 563 4055 jugum
573 4016 581 4047 ,
601 3969 667 4032 sive
683 3969 796 4056 Alpem
813 3967 959 4048 Graiam,
977 3991 995 4029 a
1013 3968 1230 4034 Centronibus
