<?xml version="1.0" encoding="UTF-8"?>
<!DOCTYPE html PUBLIC "-//W3C//DTD XHTML 1.0 Transitional//EN"
    "http://www.w3.org/TR/xhtml1/DTD/xhtml1-transitional.dtd">
<html xmlns="http://www.w3.org/1999/xhtml" xml:lang="en" lang="en">
 <head>
  <title>
</title>
<meta http-equiv="Content-Type" content="text/html;charset=utf-8" />
  <meta name='ocr-system' content='tesseract 3.04.00' />
  <meta name='ocr-capabilities' content='ocr_page ocr_carea ocr_par ocr_line ocrx_word'/>
</head>
<body>
  <div class='ocr_page' id='page_1' title='image "./titusliviuspata06freigoog_0251.png"; bbox 0 0 2782 4568; ppageno 0'>
   <div class='ocr_carea' id='block_1_1' title="bbox 127 290 1326 2294">
    <p class='ocr_par' dir='ltr' id='par_1_1' title="bbox 127 290 1326 2294">
     <span class='ocr_line' id='line_1_1' title="bbox 183 290 1216 400; baseline -0.005 -1"><span class='ocrx_word' id='word_1_1' title='bbox 183 317 253 400; x_wconf 74' lang='lat' dir='ltr'>m</span> <span class='ocrx_word' id='word_1_2' title='bbox 608 315 646 380; x_wconf 74' lang='lat' dir='ltr'>rr.</span> <span class='ocrx_word' id='word_1_3' title='bbox 679 314 818 381; x_wconf 76' lang='lat' dir='ltr'>mvn</span> <span class='ocrx_word' id='word_1_4' title='bbox 1092 290 1216 395; x_wconf 65' lang='lat' dir='ltr'>stet:</span> 
     </span>
     <span class='ocr_line' id='line_1_2' title="bbox 181 431 1243 531; baseline -0.002 -24"><span class='ocrx_word' id='word_1_5' title='bbox 181 463 264 524; x_wconf 91' lang='lat' dir='ltr'>nos,</span> <span class='ocrx_word' id='word_1_6' title='bbox 280 450 316 506; x_wconf 89' lang='lat' dir='ltr'>et</span> <span class='ocrx_word' id='word_1_7' title='bbox 334 432 515 531; x_wconf 86' lang='lat' dir='ltr'>peditibus</span> <span class='ocrx_word' id='word_1_8' title='bbox 530 433 659 517; x_wconf 89' lang='lat' dir='ltr'>denos,</span> <span class='ocrx_word' id='word_1_9' title='bbox 675 447 710 503; x_wconf 90' lang='lat' dir='ltr'>et</span> <span class='ocrx_word' id='word_1_10' title='bbox 722 457 835 520; x_wconf 90' lang='lat' dir='ltr'>arma,</span> <span class='ocrx_word' id='word_1_11' title='bbox 852 431 985 529; x_wconf 90' lang='lat' dir='ltr'>quibus</span> <span class='ocrx_word' id='word_1_12' title='bbox 1000 431 1164 521; x_wconf 83' lang='lat' dir='ltr'>deerant,</span> <span class='ocrx_word' id='word_1_13' title='bbox 1185 432 1243 505; x_wconf 91' lang='lat' dir='ltr'>de·</span> 
     </span>
     <span class='ocr_line' id='line_1_3' title="bbox 180 541 1244 640; baseline 0 -25"><span class='ocrx_word' id='word_1_14' title='bbox 180 545 335 616; x_wconf 90' lang='lat' dir='ltr'>derunt:</span> <span class='ocrx_word' id='word_1_15' title='bbox 359 558 558 640; x_wconf 86' lang='lat' dir='ltr'>caeteraque</span> <span class='ocrx_word' id='word_1_16' title='bbox 584 541 729 640; x_wconf 90' lang='lat' dir='ltr'>publice</span> <span class='ocrx_word' id='word_1_17' title='bbox 755 567 796 613; x_wconf 92' lang='lat' dir='ltr'>ac</span> <span class='ocrx_word' id='word_1_18' title='bbox 825 544 991 639; x_wconf 87' lang='lat' dir='ltr'>privatim</span> <span class='ocrx_word' id='word_1_19' title='bbox 1017 543 1244 640; x_wconf 82' lang='lat' dir='ltr'>hospitaliter</span> 
     </span>
     <span class='ocr_line' id='line_1_4' title="bbox 179 652 1242 751; baseline 0 -26"><span class='ocrx_word' id='word_1_20' title='bbox 179 653 294 741; x_wconf 87' lang='lat' dir='ltr'>facta;</span> <span class='ocrx_word' id='word_1_21' title='bbox 314 666 582 750; x_wconf 89' lang='lat' dir='ltr'>certatumque,</span> <span class='ocrx_word' id='word_1_22' title='bbox 599 677 646 723; x_wconf 89' lang='lat' dir='ltr'>ne</span> <span class='ocrx_word' id='word_1_23' title='bbox 663 678 684 722; x_wconf 88' lang='lat' dir='ltr'>a</span> <span class='ocrx_word' id='word_1_24' title='bbox 701 652 850 723; x_wconf 91' lang='lat' dir='ltr'>muliere</span> <span class='ocrx_word' id='word_1_25' title='bbox 870 653 1066 723; x_wconf 79' lang='lat' dir='ltr'>canusina²</span> <span class='ocrx_word' id='word_1_26' title='bbox 1082 654 1242 751; x_wconf 91' lang='lat' dir='ltr'>populus</span> 
     </span>
     <span class='ocr_line' id='line_1_5' title="bbox 179 761 1242 858; baseline 0.002 -26"><span class='ocrx_word' id='word_1_27' title='bbox 179 765 378 835; x_wconf 85' lang='lat' dir='ltr'>venusinus</span> <span class='ocrx_word' id='word_1_28' title='bbox 397 762 525 835; x_wconf 88' lang='lat' dir='ltr'>officiis</span> <span class='ocrx_word' id='word_1_29' title='bbox 541 763 748 834; x_wconf 87' lang='lat' dir='ltr'>vinceretur</span> <span class='ocrx_word' id='word_1_30' title='bbox 765 761 853 832; x_wconf 89' lang='lat' dir='ltr'>:sed</span> <span class='ocrx_word' id='word_1_31' title='bbox 873 764 1013 858; x_wconf 85' lang='lat' dir='ltr'>gravius</span> <span class='ocrx_word' id='word_1_32' title='bbox 1031 788 1124 834; x_wconf 91' lang='lat' dir='ltr'>onus</span> <span class='ocrx_word' id='word_1_33' title='bbox 1141 769 1242 834; x_wconf 85' lang='lat' dir='ltr'>Busae</span> 
     </span>
     <span class='ocr_line' id='line_1_6' title="bbox 180 872 1242 968; baseline -0.002 -22"><span class='ocrx_word' id='word_1_34' title='bbox 180 875 376 946; x_wconf 89' lang='lat' dir='ltr'>multitudo</span> <span class='ocrx_word' id='word_1_35' title='bbox 394 874 567 963; x_wconf 84' lang='lat' dir='ltr'>faciebat,</span> <span class='ocrx_word' id='word_1_36' title='bbox 583 888 618 944; x_wconf 90' lang='lat' dir='ltr'>et</span> <span class='ocrx_word' id='word_1_37' title='bbox 634 874 707 968; x_wconf 89' lang='lat' dir='ltr'>jam</span> <span class='ocrx_word' id='word_1_38' title='bbox 723 872 766 943; x_wconf 92' lang='lat' dir='ltr'>ad</span> <span class='ocrx_word' id='word_1_39' title='bbox 784 872 908 944; x_wconf 90' lang='lat' dir='ltr'>decem</span> <span class='ocrx_word' id='word_1_40' title='bbox 927 873 1037 944; x_wconf 90' lang='lat' dir='ltr'>millia</span> <span class='ocrx_word' id='word_1_41' title='bbox 1050 873 1242 944; x_wconf 91' lang='lat' dir='ltr'>hominum</span> 
     </span>
     <span class='ocr_line' id='line_1_7' title="bbox 180 982 1242 1085; baseline -0.003 -27"><span class='ocrx_word' id='word_1_42' title='bbox 180 1002 294 1058; x_wconf 87' lang='lat' dir='ltr'>erant.</span> <span class='ocrx_word' id='word_1_43' title='bbox 304 989 514 1085; x_wconf 85' lang='lat' dir='ltr'>Appiusque</span> <span class='ocrx_word' id='word_1_44' title='bbox 525 1001 560 1056; x_wconf 89' lang='lat' dir='ltr'>et</span> <span class='ocrx_word' id='word_1_45' title='bbox 571 982 719 1082; x_wconf 71' lang='lat' dir='ltr'>Scipi03,</span> <span class='ocrx_word' id='word_1_46' title='bbox 730 1000 922 1083; x_wconf 86' lang='lat' dir='ltr'>postquam</span> <span class='ocrx_word' id='word_1_47' title='bbox 935 985 1155 1055; x_wconf 89' lang='lat' dir='ltr'>incolumem</span> <span class='ocrx_word' id='word_1_48' title='bbox 1165 1009 1242 1056; x_wconf 90' lang='lat' dir='ltr'>esse</span> 
     </span>
     <span class='ocr_line' id='line_1_8' title="bbox 180 1096 1244 1195; baseline -0.003 -26"><span class='ocrx_word' id='word_1_49' title='bbox 180 1100 340 1181; x_wconf 72' lang='lat' dir='ltr'>alterum¹</span> <span class='ocrx_word' id='word_1_50' title='bbox 346 1098 534 1171; x_wconf 91' lang='lat' dir='ltr'>consulem</span> <span class='ocrx_word' id='word_1_51' title='bbox 545 1110 780 1195; x_wconf 83' lang='lat' dir='ltr'>acceperunt,</span> <span class='ocrx_word' id='word_1_52' title='bbox 793 1099 962 1167; x_wconf 90' lang='lat' dir='ltr'>nuntium</span> <span class='ocrx_word' id='word_1_53' title='bbox 976 1096 1158 1193; x_wconf 89' lang='lat' dir='ltr'>extemplo</span> <span class='ocrx_word' id='word_1_54' title='bbox 1167 1097 1244 1166; x_wconf 91' lang='lat' dir='ltr'>mit·</span> 
     </span>
     <span class='ocr_line' id='line_1_9' title="bbox 179 1205 1244 1307; baseline -0.007 -26"><span class='ocrx_word' id='word_1_55' title='bbox 179 1224 280 1298; x_wconf 89' lang='lat' dir='ltr'>tunt,</span> <span class='ocrx_word' id='word_1_56' title='bbox 303 1222 445 1307; x_wconf 87' lang='lat' dir='ltr'>quantae</span> <span class='ocrx_word' id='word_1_57' title='bbox 465 1232 586 1278; x_wconf 89' lang='lat' dir='ltr'>secum</span> <span class='ocrx_word' id='word_1_58' title='bbox 608 1205 771 1304; x_wconf 88' lang='lat' dir='ltr'>peditum</span> <span class='ocrx_word' id='word_1_59' title='bbox 794 1206 1031 1302; x_wconf 86' lang='lat' dir='ltr'>equitumque</span> <span class='ocrx_word' id='word_1_60' title='bbox 1053 1206 1164 1301; x_wconf 83' lang='lat' dir='ltr'>copiae</span> <span class='ocrx_word' id='word_1_61' title='bbox 1185 1229 1244 1274; x_wconf 89' lang='lat' dir='ltr'>es-</span> 
     </span>
     <span class='ocr_line' id='line_1_10' title="bbox 180 1308 1244 1414; baseline -0.006 -24"><span class='ocrx_word' id='word_1_62' title='bbox 180 1308 281 1390; x_wconf 83' lang='lat' dir='ltr'>sent:</span> <span class='ocrx_word' id='word_1_63' title='bbox 306 1320 596 1414; x_wconf 85' lang='lat' dir='ltr'>sciscitatumque</span> <span class='ocrx_word' id='word_1_64' title='bbox 621 1316 746 1404; x_wconf 90' lang='lat' dir='ltr'>simul,</span> <span class='ocrx_word' id='word_1_65' title='bbox 762 1331 885 1387; x_wconf 88' lang='lat' dir='ltr'>utrum</span> <span class='ocrx_word' id='word_1_66' title='bbox 899 1316 1091 1387; x_wconf 89' lang='lat' dir='ltr'>Venusiam</span> <span class='ocrx_word' id='word_1_67' title='bbox 1113 1313 1244 1385; x_wconf 89' lang='lat' dir='ltr'>adduci</span> 
     </span>
     <span class='ocr_line' id='line_1_11' title="bbox 182 1425 1244 1522; baseline -0.005 -21"><span class='ocrx_word' id='word_1_68' title='bbox 182 1430 401 1516; x_wconf 87' lang='lat' dir='ltr'>exercitum,</span> <span class='ocrx_word' id='word_1_69' title='bbox 416 1453 462 1499; x_wconf 90' lang='lat' dir='ltr'>an</span> <span class='ocrx_word' id='word_1_70' title='bbox 476 1453 623 1499; x_wconf 86' lang='lat' dir='ltr'>manere</span> <span class='ocrx_word' id='word_1_71' title='bbox 635 1427 782 1522; x_wconf 88' lang='lat' dir='ltr'>juberet</span> <span class='ocrx_word' id='word_1_72' title='bbox 794 1427 960 1498; x_wconf 84' lang='lat' dir='ltr'>Canusii?</span> <span class='ocrx_word' id='word_1_73' title='bbox 970 1431 1083 1496; x_wconf 86' lang='lat' dir='ltr'>Varro</span> <span class='ocrx_word' id='word_1_74' title='bbox 1096 1425 1172 1522; x_wconf 90' lang='lat' dir='ltr'>ipse</span> <span class='ocrx_word' id='word_1_75' title='bbox 1183 1429 1244 1496; x_wconf 83' lang='lat' dir='ltr'>Ca·</span> 
     </span>
     <span class='ocr_line' id='line_1_12' title="bbox 181 1537 1242 1638; baseline -0.003 -29"><span class='ocrx_word' id='word_1_76' title='bbox 181 1542 325 1611; x_wconf 89' lang='lat' dir='ltr'>nusium</span> <span class='ocrx_word' id='word_1_77' title='bbox 344 1541 465 1638; x_wconf 91' lang='lat' dir='ltr'>copias</span> <span class='ocrx_word' id='word_1_78' title='bbox 482 1539 661 1610; x_wconf 85' lang='lat' dir='ltr'>traduxit:</span> <span class='ocrx_word' id='word_1_79' title='bbox 679 1554 715 1609; x_wconf 89' lang='lat' dir='ltr'>et</span> <span class='ocrx_word' id='word_1_80' title='bbox 728 1538 801 1632; x_wconf 90' lang='lat' dir='ltr'>jam</span> <span class='ocrx_word' id='word_1_81' title='bbox 820 1537 940 1632; x_wconf 88' lang='lat' dir='ltr'>aliqua</span> <span class='ocrx_word' id='word_1_82' title='bbox 958 1537 1092 1633; x_wconf 82' lang='lat' dir='ltr'>species</span> <span class='ocrx_word' id='word_1_83' title='bbox 1111 1560 1242 1606; x_wconf 93' lang='lat' dir='ltr'>consu·</span> 
     </span>
     <span class='ocr_line' id='line_1_13' title="bbox 180 1646 1243 1740; baseline -0.005 -19"><span class='ocrx_word' id='word_1_84' title='bbox 180 1650 265 1721; x_wconf 85' lang='lat' dir='ltr'>laris</span> <span class='ocrx_word' id='word_1_85' title='bbox 282 1652 458 1720; x_wconf 90' lang='lat' dir='ltr'>exercitus</span> <span class='ocrx_word' id='word_1_86' title='bbox 477 1664 573 1732; x_wconf 78' lang='lat' dir='ltr'>erat3</span> <span class='ocrx_word' id='word_1_87' title='bbox 590 1646 845 1740; x_wconf 86' lang='lat' dir='ltr'>moenibusque</span> <span class='ocrx_word' id='word_1_88' title='bbox 864 1670 901 1716; x_wconf 93' lang='lat' dir='ltr'>se</span> <span class='ocrx_word' id='word_1_89' title='bbox 921 1660 1038 1733; x_wconf 89' lang='lat' dir='ltr'>certe,</span> <span class='ocrx_word' id='word_1_90' title='bbox 1053 1647 1171 1715; x_wconf 92' lang='lat' dir='ltr'>sinon</span> <span class='ocrx_word' id='word_1_91' title='bbox 1187 1671 1243 1716; x_wconf 92' lang='lat' dir='ltr'>ar-</span> 
     </span>
     <span class='ocr_line' id='line_1_14' title="bbox 180 1744 1243 1845; baseline -0.001 -17"><span class='ocrx_word' id='word_1_92' title='bbox 180 1760 267 1845; x_wconf 91' lang='lat' dir='ltr'>mis,</span> <span class='ocrx_word' id='word_1_93' title='bbox 286 1755 331 1826; x_wconf 87' lang='lat' dir='ltr'>ab</span> <span class='ocrx_word' id='word_1_94' title='bbox 351 1756 454 1826; x_wconf 92' lang='lat' dir='ltr'>hoste</span> <span class='ocrx_word' id='word_1_95' title='bbox 472 1754 690 1825; x_wconf 90' lang='lat' dir='ltr'>videbantur</span> <span class='ocrx_word' id='word_1_96' title='bbox 709 1754 903 1838; x_wconf 86' lang='lat' dir='ltr'>defensuri.</span> <span class='ocrx_word' id='word_1_97' title='bbox 923 1761 1095 1842; x_wconf 83' lang='lat' dir='ltr'>Romam,</span> <span class='ocrx_word' id='word_1_98' title='bbox 1114 1781 1160 1827; x_wconf 91' lang='lat' dir='ltr'>ne</span> <span class='ocrx_word' id='word_1_99' title='bbox 1179 1744 1243 1828; x_wconf 81' lang='lat' dir='ltr'>bas</span> 
     </span>
     <span class='ocr_line' id='line_1_15' title="bbox 183 1866 1244 1964; baseline 0.002 -28"><span class='ocrx_word' id='word_1_100' title='bbox 183 1868 332 1964; x_wconf 91' lang='lat' dir='ltr'>quidem</span> <span class='ocrx_word' id='word_1_101' title='bbox 349 1866 520 1963; x_wconf 88' lang='lat' dir='ltr'>reliquias</span> <span class='ocrx_word' id='word_1_102' title='bbox 537 1889 723 1962; x_wconf 89' lang='lat' dir='ltr'>superesse</span> <span class='ocrx_word' id='word_1_103' title='bbox 743 1867 873 1937; x_wconf 86' lang='lat' dir='ltr'>civium</span> <span class='ocrx_word' id='word_1_104' title='bbox 891 1867 1161 1963; x_wconf 85' lang='lat' dir='ltr'>sociorumque,</span> <span class='ocrx_word' id='word_1_105' title='bbox 1179 1867 1244 1938; x_wconf 91' lang='lat' dir='ltr'>sed</span> 
     </span>
     <span class='ocr_line' id='line_1_16' title="bbox 181 1971 1241 2068; baseline 0.003 -21"><span class='ocrx_word' id='word_1_106' title='bbox 181 1977 360 2047; x_wconf 84' lang='lat' dir='ltr'>occisione</span> <span class='ocrx_word' id='word_1_107' title='bbox 381 1976 517 2047; x_wconf 92' lang='lat' dir='ltr'>occisos</span> <span class='ocrx_word' id='word_1_108' title='bbox 544 2001 627 2047; x_wconf 93' lang='lat' dir='ltr'>cum</span> <span class='ocrx_word' id='word_1_109' title='bbox 651 1971 796 2047; x_wconf 91' lang='lat' dir='ltr'>duobus</span> <span class='ocrx_word' id='word_1_110' title='bbox 818 1976 1034 2059; x_wconf 84' lang='lat' dir='ltr'>exercitibus</span> <span class='ocrx_word' id='word_1_111' title='bbox 1057 1979 1241 2068; x_wconf 89' lang='lat' dir='ltr'>consules,</span> 
     </span>
     <span class='ocr_line' id='line_1_17' title="bbox 127 2073 1326 2184; baseline 0 -24"><span class='ocrx_word' id='word_1_112' title='bbox 127 2073 130 2081; x_wconf 47' lang='grc'><em>’</em></span> <span class='ocrx_word' id='word_1_113' title='bbox 182 2087 392 2184; x_wconf 84' lang='lat' dir='ltr'>deletasque</span> <span class='ocrx_word' id='word_1_114' title='bbox 409 2111 535 2158; x_wconf 90' lang='lat' dir='ltr'>omnes</span> <span class='ocrx_word' id='word_1_115' title='bbox 552 2087 693 2184; x_wconf 88' lang='lat' dir='ltr'>copias,</span> <span class='ocrx_word' id='word_1_116' title='bbox 712 2087 857 2158; x_wconf 87' lang='lat' dir='ltr'>allatum</span> <span class='ocrx_word' id='word_1_117' title='bbox 872 2086 997 2159; x_wconf 86' lang='lat' dir='ltr'>fuerat.</span> <span class='ocrx_word' id='word_1_118' title='bbox 1016 2093 1241 2183; x_wconf 84' lang='lat' dir='ltr'>Numquam,</span> <span class='ocrx_word' id='word_1_119' title='bbox 1323 2176 1326 2183; x_wconf 67' lang='lat'>,</span> 
     </span>
     <span class='ocr_line' id='line_1_18' title="bbox 180 2197 1243 2294; baseline -0.001 -25"><span class='ocrx_word' id='word_1_120' title='bbox 180 2198 274 2269; x_wconf 88' lang='lat' dir='ltr'>salva</span> <span class='ocrx_word' id='word_1_121' title='bbox 291 2197 399 2282; x_wconf 89' lang='lat' dir='ltr'>urbe,</span> <span class='ocrx_word' id='word_1_122' title='bbox 413 2211 556 2268; x_wconf 90' lang='lat' dir='ltr'>tantum</span> <span class='ocrx_word' id='word_1_123' title='bbox 573 2199 715 2294; x_wconf 85' lang='lat' dir='ltr'>pavoris</span> <span class='ocrx_word' id='word_1_124' title='bbox 729 2198 979 2294; x_wconf 90' lang='lat' dir='ltr'>tumultusque</span> <span class='ocrx_word' id='word_1_125' title='bbox 998 2200 1091 2268; x_wconf 90' lang='lat' dir='ltr'>intra</span> <span class='ocrx_word' id='word_1_126' title='bbox 1108 2199 1243 2268; x_wconf 88' lang='lat' dir='ltr'>moenia</span> 
     </span>
    </p>
   </div>
   <div class='ocr_carea' id='block_1_2' title="bbox 180 2300 1288 2955">
    <p class='ocr_par' dir='ltr' id='par_1_2' title="bbox 180 2300 1288 2955">
     <span class='ocr_line' id='line_1_19' title="bbox 180 2300 1242 2407; baseline 0.001 -28"><span class='ocrx_word' id='word_1_127' title='bbox 180 2333 329 2380; x_wconf 88' lang='lat' dir='ltr'>romana</span> <span class='ocrx_word' id='word_1_128' title='bbox 343 2300 420 2380; x_wconf 88' lang='lat' dir='ltr'>luit.</span> <span class='ocrx_word' id='word_1_129' title='bbox 438 2314 565 2407; x_wconf 73' lang='lat' dir='ltr'>ltaque</span> <span class='ocrx_word' id='word_1_130' title='bbox 579 2307 812 2380; x_wconf 85' lang='lat' dir='ltr'>succumbam</span> <span class='ocrx_word' id='word_1_131' title='bbox 827 2313 929 2379; x_wconf 89' lang='lat' dir='ltr'>oneri</span> <span class='ocrx_word' id='word_1_132' title='bbox 939 2313 967 2396; x_wconf 72' lang='lat'>4,</span> <span class='ocrx_word' id='word_1_133' title='bbox 985 2333 1103 2405; x_wconf 88' lang='lat' dir='ltr'>neque</span> <span class='ocrx_word' id='word_1_134' title='bbox 1117 2333 1242 2406; x_wconf 84' lang='lat' dir='ltr'>aggre-</span> 
     </span>
     <span class='ocr_line' id='line_1_20' title="bbox 182 2417 1288 2514; baseline 0 -25"><span class='ocrx_word' id='word_1_135' title='bbox 182 2418 258 2489; x_wconf 90' lang='lat' dir='ltr'>diar</span> <span class='ocrx_word' id='word_1_136' title='bbox 283 2444 449 2509; x_wconf 85' lang='lat' dir='ltr'>narrare,</span> <span class='ocrx_word' id='word_1_137' title='bbox 469 2444 549 2514; x_wconf 86' lang='lat' dir='ltr'>quae</span> <span class='ocrx_word' id='word_1_138' title='bbox 573 2419 819 2490; x_wconf 86' lang='lat' dir='ltr'>edissertando</span> <span class='ocrx_word' id='word_1_139' title='bbox 840 2422 981 2490; x_wconf 86' lang='lat' dir='ltr'>minora</span> <span class='ocrx_word' id='word_1_140' title='bbox 999 2445 1085 2490; x_wconf 88' lang='lat' dir='ltr'>vero</span> <span class='ocrx_word' id='word_1_141' title='bbox 1109 2417 1241 2490; x_wconf 84' lang='lat' dir='ltr'>fecero.</span> <span class='ocrx_word' id='word_1_142' title='bbox 1281 2480 1288 2489; x_wconf 92' lang='lat'><strong>.</strong></span> 
     </span>
     <span class='ocr_line' id='line_1_21' title="bbox 182 2528 1242 2628; baseline -0.002 -28"><span class='ocrx_word' id='word_1_143' title='bbox 182 2529 339 2600; x_wconf 90' lang='lat' dir='ltr'>Consule</span> <span class='ocrx_word' id='word_1_144' title='bbox 350 2531 583 2624; x_wconf 81' lang='lat' dir='ltr'>exercituque</span> <span class='ocrx_word' id='word_1_145' title='bbox 596 2528 640 2598; x_wconf 93' lang='lat' dir='ltr'>ad</span> <span class='ocrx_word' id='word_1_146' title='bbox 649 2531 896 2601; x_wconf 84' lang='lat' dir='ltr'>Trasimenum</span> <span class='ocrx_word' id='word_1_147' title='bbox 908 2532 1026 2628; x_wconf 88' lang='lat' dir='ltr'>priore</span> <span class='ocrx_word' id='word_1_148' title='bbox 1038 2556 1133 2601; x_wconf 90' lang='lat' dir='ltr'>anno</span> <span class='ocrx_word' id='word_1_149' title='bbox 1143 2530 1242 2614; x_wconf 85' lang='lat' dir='ltr'>amis-</span> 
     </span>
     <span class='ocr_line' id='line_1_22' title="bbox 183 2637 1242 2739; baseline 0.002 -30"><span class='ocrx_word' id='word_1_150' title='bbox 183 2662 245 2721; x_wconf 90' lang='lat' dir='ltr'>so,</span> <span class='ocrx_word' id='word_1_151' title='bbox 266 2661 341 2706; x_wconf 92' lang='lat' dir='ltr'>non</span> <span class='ocrx_word' id='word_1_152' title='bbox 358 2638 489 2707; x_wconf 90' lang='lat' dir='ltr'>vulnus</span> <span class='ocrx_word' id='word_1_153' title='bbox 508 2662 617 2735; x_wconf 89' lang='lat' dir='ltr'>snper</span> <span class='ocrx_word' id='word_1_154' title='bbox 631 2639 763 2710; x_wconf 87' lang='lat' dir='ltr'>vulnus</span> <span class='ocrx_word' id='word_1_155' title='bbox 775 2637 801 2730; x_wconf 76' lang='lat'>5,</span> <span class='ocrx_word' id='word_1_156' title='bbox 821 2641 883 2712; x_wconf 91' lang='lat' dir='ltr'>sed</span> <span class='ocrx_word' id='word_1_157' title='bbox 902 2641 1091 2739; x_wconf 90' lang='lat' dir='ltr'>multiplex</span> <span class='ocrx_word' id='word_1_158' title='bbox 1106 2640 1242 2729; x_wconf 88' lang='lat' dir='ltr'>clades,</span> 
     </span>
     <span class='ocr_line' id='line_1_23' title="bbox 184 2745 1244 2833; baseline 0.004 -15"><span class='ocrx_word' id='word_1_159' title='bbox 184 2772 265 2818; x_wconf 93' lang='lat' dir='ltr'>cum</span> <span class='ocrx_word' id='word_1_160' title='bbox 275 2745 419 2817; x_wconf 91' lang='lat' dir='ltr'>duobus</span> <span class='ocrx_word' id='word_1_161' title='bbox 427 2748 719 2833; x_wconf 84' lang='lat' dir='ltr'>consulibusduo</span> <span class='ocrx_word' id='word_1_162' title='bbox 729 2752 1244 2823; x_wconf 88' lang='lat' dir='ltr'>consularesexercitusamissi</span> 
     </span>
     <span class='ocr_line' id='line_1_24' title="bbox 183 2857 1242 2955; baseline 0 -26"><span class='ocrx_word' id='word_1_163' title='bbox 183 2857 459 2935; x_wconf 87' lang='lat' dir='ltr'>nuntiabantur:</span> <span class='ocrx_word' id='word_1_164' title='bbox 472 2883 539 2929; x_wconf 91' lang='lat' dir='ltr'>nec</span> <span class='ocrx_word' id='word_1_165' title='bbox 548 2859 620 2929; x_wconf 90' lang='lat' dir='ltr'>ulla</span> <span class='ocrx_word' id='word_1_166' title='bbox 627 2862 702 2955; x_wconf 90' lang='lat' dir='ltr'>jam</span> <span class='ocrx_word' id='word_1_167' title='bbox 715 2876 829 2931; x_wconf 88' lang='lat' dir='ltr'>castra</span> <span class='ocrx_word' id='word_1_168' title='bbox 842 2886 1006 2951; x_wconf 87' lang='lat' dir='ltr'>romana,</span> <span class='ocrx_word' id='word_1_169' title='bbox 1019 2886 1087 2932; x_wconf 89' lang='lat' dir='ltr'>nec</span> <span class='ocrx_word' id='word_1_170' title='bbox 1096 2861 1242 2950; x_wconf 91' lang='lat' dir='ltr'>ducem,</span> 
     </span>
    </p>
   </div>
   <div class='ocr_carea' id='block_1_3' title="bbox 99 3047 1244 3121">
    <p class='ocr_par' dir='ltr' id='par_1_3' title="bbox 99 3047 1244 3121">
     <span class='ocr_line' id='line_1_25' title="bbox 99 3047 1244 3121; baseline 0.002 -26"><span class='ocrx_word' id='word_1_171' title='bbox 99 3048 102 3053; x_wconf 88' lang='lat'>&#39;</span> <span class='ocrx_word' id='word_1_172' title='bbox 160 3047 496 3113; x_wconf 66' lang='lat' dir='ltr'>·X111V,16‚probandum</span> <span class='ocrx_word' id='word_1_173' title='bbox 510 3049 607 3097; x_wconf 85' lang='lat' dir='ltr'>videtur</span> <span class='ocrx_word' id='word_1_174' title='bbox 623 3060 691 3113; x_wconf 80' lang='lat' dir='ltr'>togas</span> <span class='ocrx_word' id='word_1_175' title='bbox 736 3061 783 3099; x_wconf 88' lang='lat' dir='ltr'>etc.</span> <span class='ocrx_word' id='word_1_176' title='bbox 797 3053 842 3098; x_wconf 85' lang='lat' dir='ltr'>Eu.</span> <span class='ocrx_word' id='word_1_177' title='bbox 855 3078 890 3086; x_wconf 92' lang='lat'>—</span> <span class='ocrx_word' id='word_1_178' title='bbox 904 3051 1067 3116; x_wconf 63' lang='lat' dir='ltr'>quadrigatos</span> <span class='ocrx_word' id='word_1_179' title='bbox 1081 3067 1244 3121; x_wconf 63' lang='lat' dir='ltr'>nummosn.</span> 
     </span>
    </p>
   </div>
   <div class='ocr_carea' id='block_1_4' title="bbox 181 3126 1244 4136">
    <p class='ocr_par' dir='ltr' id='par_1_4' title="bbox 182 3126 1055 3194">
     <span class='ocr_line' id='line_1_26' title="bbox 182 3126 1055 3194; baseline -0.001 -17"><span class='ocrx_word' id='word_1_180' title='bbox 182 3126 596 3193; x_wconf 69' lang='lat' dir='ltr'>etiapiamilitantibusgestatas.bt</span> <span class='ocrx_word' id='word_1_181' title='bbox 603 3130 692 3193; x_wconf 77' lang='lat' dir='ltr'>primo,</span> <span class='ocrx_word' id='word_1_182' title='bbox 735 3145 808 3194; x_wconf 84' lang='lat' dir='ltr'>supra</span> <span class='ocrx_word' id='word_1_183' title='bbox 820 3130 851 3176; x_wconf 88' lang='lat' dir='ltr'>ad</span> <span class='ocrx_word' id='word_1_184' title='bbox 866 3146 919 3194; x_wconf 80' lang='lat' dir='ltr'>cap.</span> <span class='ocrx_word' id='word_1_185' title='bbox 934 3132 980 3187; x_wconf 79' lang='lat'>52,</span> <span class='ocrx_word' id='word_1_186' title='bbox 992 3147 1017 3177; x_wconf 92' lang='lat' dir='ltr'>n.</span> <span class='ocrx_word' id='word_1_187' title='bbox 1028 3131 1055 3181; x_wconf 82' lang='lat'>3.</span> 
     </span>
    </p>

    <p class='ocr_par' dir='ltr' id='par_1_5' title="bbox 181 3205 1241 3350">
     <span class='ocr_line' id='line_1_27' title="bbox 181 3205 1241 3273; baseline 0 -19"><span class='ocrx_word' id='word_1_188' title='bbox 181 3205 330 3273; x_wconf 32' lang='lat' dir='ltr'>utflobservat</span> <span class='ocrx_word' id='word_1_189' title='bbox 337 3207 473 3267; x_wconf 86' lang='lat' dir='ltr'>Creverius,</span> <span class='ocrx_word' id='word_1_190' title='bbox 479 3208 629 3270; x_wconf 81' lang='lat' dir='ltr'>intelligendi</span> <span class='ocrx_word' id='word_1_191' title='bbox 635 3220 692 3256; x_wconf 85' lang='lat' dir='ltr'>sunt</span> <span class='ocrx_word' id='word_1_192' title='bbox 771 3224 797 3255; x_wconf 86' lang='lat'>2.</span> <span class='ocrx_word' id='word_1_193' title='bbox 809 3210 834 3256; x_wconf 79' lang='lat' dir='ltr'><em>A</em></span> <span class='ocrx_word' id='word_1_194' title='bbox 843 3208 942 3256; x_wconf 80' lang='lat' dir='ltr'>muliere</span> <span class='ocrx_word' id='word_1_195' title='bbox 953 3208 1086 3262; x_wconf 81' lang='lat' dir='ltr'>Canusina,</span> <span class='ocrx_word' id='word_1_196' title='bbox 1100 3209 1181 3262; x_wconf 87' lang='lat' dir='ltr'>Busa‚·</span> <span class='ocrx_word' id='word_1_197' title='bbox 1189 3206 1241 3254; x_wconf 81' lang='lat' dir='ltr'>vid.</span> 
     </span>
     <span class='ocr_line' id='line_1_28' title="bbox 183 3284 938 3350; baseline 0.005 -19"><span class='ocrx_word' id='word_1_198' title='bbox 183 3285 247 3347; x_wconf 81' lang='lat' dir='ltr'>togis</span> <span class='ocrx_word' id='word_1_199' title='bbox 266 3284 302 3330; x_wconf 90' lang='lat' dir='ltr'>usi</span> <span class='ocrx_word' id='word_1_200' title='bbox 320 3285 393 3331; x_wconf 86' lang='lat' dir='ltr'>fuisse</span> <span class='ocrx_word' id='word_1_201' title='bbox 412 3300 462 3332; x_wconf 89' lang='lat' dir='ltr'>non</span> <span class='ocrx_word' id='word_1_202' title='bbox 480 3287 506 3333; x_wconf 90' lang='lat' dir='ltr'>in</span> <span class='ocrx_word' id='word_1_203' title='bbox 523 3287 588 3344; x_wconf 87' lang='lat' dir='ltr'>acie,</span> <span class='ocrx_word' id='word_1_204' title='bbox 605 3287 648 3334; x_wconf 87' lang='lat' dir='ltr'>sed</span> <span class='ocrx_word' id='word_1_205' title='bbox 666 3287 692 3334; x_wconf 89' lang='lat' dir='ltr'>in</span> <span class='ocrx_word' id='word_1_206' title='bbox 736 3303 789 3350; x_wconf 84' lang='lat' dir='ltr'>cap.</span> <span class='ocrx_word' id='word_1_207' title='bbox 802 3287 833 3334; x_wconf 76' lang='lat'>52</span> <span class='ocrx_word' id='word_1_208' title='bbox 847 3298 908 3335; x_wconf 85' lang='lat' dir='ltr'>extr.</span> <span class='ocrx_word' id='word_1_209' title='bbox 936 3304 938 3309; x_wconf 92' lang='lat'>·</span> 
     </span>
    </p>

    <p class='ocr_par' dir='ltr' id='par_1_6' title="bbox 182 3362 1241 3508">
     <span class='ocr_line' id='line_1_29' title="bbox 182 3362 1241 3432; baseline 0.001 -22"><span class='ocrx_word' id='word_1_210' title='bbox 182 3362 383 3420; x_wconf 84' lang='lat' dir='ltr'>hibernis,autin</span> <span class='ocrx_word' id='word_1_211' title='bbox 391 3364 590 3412; x_wconf 85' lang='lat' dir='ltr'>otiocastrorum.</span> <span class='ocrx_word' id='word_1_212' title='bbox 596 3365 691 3412; x_wconf 87' lang='lat' dir='ltr'>Deinde</span> <span class='ocrx_word' id='word_1_213' title='bbox 771 3367 795 3414; x_wconf 81' lang='lat'>3.</span> <span class='ocrx_word' id='word_1_214' title='bbox 808 3366 948 3429; x_wconf 82' lang='lat' dir='ltr'>Appiusque</span> <span class='ocrx_word' id='word_1_215' title='bbox 959 3366 1029 3430; x_wconf 88' lang='lat' dir='ltr'>(vide</span> <span class='ocrx_word' id='word_1_216' title='bbox 1038 3365 1069 3413; x_wconf 87' lang='lat' dir='ltr'>ad</span> <span class='ocrx_word' id='word_1_217' title='bbox 1082 3366 1105 3422; x_wconf 90' lang='lat'>1,</span> <span class='ocrx_word' id='word_1_218' title='bbox 1118 3365 1149 3419; x_wconf 73' lang='lat'>43</span> <span class='ocrx_word' id='word_1_219' title='bbox 1157 3398 1167 3431; x_wconf 7' lang='grc' dir='ltr'>,Ἰ</span> <span class='ocrx_word' id='word_1_220' title='bbox 1175 3381 1200 3432; x_wconf 84' lang='lat' dir='ltr'>n.</span> <span class='ocrx_word' id='word_1_221' title='bbox 1211 3362 1241 3428; x_wconf 70' lang='lat' dir='ltr'>t)</span> 
     </span>
     <span class='ocr_line' id='line_1_30' title="bbox 183 3441 1091 3508; baseline 0.001 -19"><span class='ocrx_word' id='word_1_222' title='bbox 183 3456 258 3504; x_wconf 86' lang='lat' dir='ltr'>quum</span> <span class='ocrx_word' id='word_1_223' title='bbox 275 3441 315 3487; x_wconf 90' lang='lat' dir='ltr'>bic</span> <span class='ocrx_word' id='word_1_224' title='bbox 336 3441 366 3488; x_wconf 90' lang='lat' dir='ltr'>de</span> <span class='ocrx_word' id='word_1_225' title='bbox 383 3442 441 3489; x_wconf 84' lang='lat' dir='ltr'>eolis</span> <span class='ocrx_word' id='word_1_226' title='bbox 460 3443 582 3505; x_wconf 87' lang='lat' dir='ltr'>equitibus</span> <span class='ocrx_word' id='word_1_227' title='bbox 599 3445 691 3490; x_wconf 90' lang='lat' dir='ltr'>mentio</span> <span class='ocrx_word' id='word_1_228' title='bbox 735 3444 934 3507; x_wconf 83' lang='lat' dir='ltr'>etScipio‚·conf.</span> <span class='ocrx_word' id='word_1_229' title='bbox 944 3461 997 3507; x_wconf 86' lang='lat' dir='ltr'>cap.</span> <span class='ocrx_word' id='word_1_230' title='bbox 1009 3445 1041 3491; x_wconf 78' lang='lat'>53</span> <span class='ocrx_word' id='word_1_231' title='bbox 1053 3461 1091 3508; x_wconf 88' lang='lat' dir='ltr'>pr.</span> 
     </span>
    </p>

    <p class='ocr_par' dir='ltr' id='par_1_7' title="bbox 182 3519 1244 3664">
     <span class='ocr_line' id='line_1_31' title="bbox 183 3519 1244 3586; baseline 0 -18"><span class='ocrx_word' id='word_1_232' title='bbox 183 3519 241 3579; x_wconf 80' lang='lat' dir='ltr'>flat,</span> <span class='ocrx_word' id='word_1_233' title='bbox 255 3533 279 3568; x_wconf 90' lang='lat' dir='ltr'>et</span> <span class='ocrx_word' id='word_1_234' title='bbox 293 3521 319 3566; x_wconf 89' lang='lat' dir='ltr'>in</span> <span class='ocrx_word' id='word_1_235' title='bbox 334 3519 429 3568; x_wconf 84' lang='lat' dir='ltr'>duobus</span> <span class='ocrx_word' id='word_1_236' title='bbox 441 3521 503 3568; x_wconf 89' lang='lat' dir='ltr'>locis</span> <span class='ocrx_word' id='word_1_237' title='bbox 516 3538 588 3584; x_wconf 84' lang='lat' dir='ltr'>supra</span> <span class='ocrx_word' id='word_1_238' title='bbox 602 3538 692 3569; x_wconf 87' lang='lat' dir='ltr'>memo·</span> <span class='ocrx_word' id='word_1_239' title='bbox 771 3531 795 3578; x_wconf 77' lang='grc'>4.</span> <span class='ocrx_word' id='word_1_240' title='bbox 813 3523 969 3569; x_wconf 82' lang='lat' dir='ltr'>Succumbam</span> <span class='ocrx_word' id='word_1_241' title='bbox 988 3524 1078 3584; x_wconf 77' lang='lat' dir='ltr'>oneri:</span> <span class='ocrx_word' id='word_1_242' title='bbox 1094 3522 1147 3570; x_wconf 85' lang='lat' dir='ltr'>baec</span> <span class='ocrx_word' id='word_1_243' title='bbox 1166 3521 1244 3586; x_wconf 87' lang='lat' dir='ltr'>expli·</span> 
     </span>
     <span class='ocr_line' id='line_1_32' title="bbox 182 3600 995 3664; baseline 0.001 -17"><span class='ocrx_word' id='word_1_244' title='bbox 182 3600 240 3647; x_wconf 85' lang='lat' dir='ltr'>ratis</span> <span class='ocrx_word' id='word_1_245' title='bbox 253 3616 367 3647; x_wconf 88' lang='lat' dir='ltr'>numerus</span> <span class='ocrx_word' id='word_1_246' title='bbox 379 3612 488 3664; x_wconf 83' lang='lat' dir='ltr'>togarum</span> <span class='ocrx_word' id='word_1_247' title='bbox 498 3616 552 3663; x_wconf 83' lang='lat' dir='ltr'>quae</span> <span class='ocrx_word' id='word_1_248' title='bbox 563 3600 692 3648; x_wconf 88' lang='lat' dir='ltr'>mittuntur</span> <span class='ocrx_word' id='word_1_249' title='bbox 736 3612 821 3648; x_wconf 84' lang='lat' dir='ltr'>cantur</span> <span class='ocrx_word' id='word_1_250' title='bbox 835 3600 916 3648; x_wconf 86' lang='lat' dir='ltr'>verbis</span> <span class='ocrx_word' id='word_1_251' title='bbox 928 3617 995 3664; x_wconf 84' lang='lat' dir='ltr'>seqq.</span> 
     </span>
    </p>

    <p class='ocr_par' dir='ltr' id='par_1_8' title="bbox 181 3679 1244 4136">
     <span class='ocr_line' id='line_1_33' title="bbox 183 3679 1243 3744; baseline -0.001 -18"><span class='ocrx_word' id='word_1_252' title='bbox 183 3679 215 3727; x_wconf 78' lang='lat' dir='ltr'>ad</span> <span class='ocrx_word' id='word_1_253' title='bbox 228 3679 445 3742; x_wconf 79' lang='lat' dir='ltr'>exercitus,louge</span> <span class='ocrx_word' id='word_1_254' title='bbox 459 3680 540 3726; x_wconf 89' lang='lat' dir='ltr'>minor</span> <span class='ocrx_word' id='word_1_255' title='bbox 554 3680 585 3727; x_wconf 87' lang='lat' dir='ltr'>sit</span> <span class='ocrx_word' id='word_1_256' title='bbox 601 3681 692 3727; x_wconf 80' lang='lat' dir='ltr'>tunica·</span> <span class='ocrx_word' id='word_1_257' title='bbox 735 3691 739 3701; x_wconf 97' lang='grc'>’</span> <span class='ocrx_word' id='word_1_258' title='bbox 770 3681 794 3728; x_wconf 89' lang='grc'>5.</span> <span class='ocrx_word' id='word_1_259' title='bbox 811 3681 867 3727; x_wconf 82' lang='lat' dir='ltr'>Non</span> <span class='ocrx_word' id='word_1_260' title='bbox 884 3681 973 3728; x_wconf 76' lang='lat' dir='ltr'>vulnus</span> <span class='ocrx_word' id='word_1_261' title='bbox 988 3697 1060 3744; x_wconf 85' lang='lat' dir='ltr'>super</span> <span class='ocrx_word' id='word_1_262' title='bbox 1072 3680 1174 3734; x_wconf 78' lang='lat' dir='ltr'>vulnus,</span> <span class='ocrx_word' id='word_1_263' title='bbox 1191 3692 1243 3725; x_wconf 80' lang='lat' dir='ltr'>non</span> 
     </span>
     <span class='ocr_line' id='line_1_34' title="bbox 183 3756 1243 3823; baseline 0 -20"><span class='ocrx_word' id='word_1_264' title='bbox 183 3773 238 3804; x_wconf 85' lang='lat' dir='ltr'>rum</span> <span class='ocrx_word' id='word_1_265' title='bbox 252 3773 365 3816; x_wconf 87' lang='lat' dir='ltr'>numero,</span> <span class='ocrx_word' id='word_1_266' title='bbox 381 3775 426 3804; x_wconf 87' lang='lat' dir='ltr'>nec</span> <span class='ocrx_word' id='word_1_267' title='bbox 441 3756 564 3806; x_wconf 85' lang='lat' dir='ltr'>sufficiens</span> <span class='ocrx_word' id='word_1_268' title='bbox 580 3759 691 3822; x_wconf 83' lang='lat' dir='ltr'>profecto</span> <span class='ocrx_word' id='word_1_269' title='bbox 735 3776 782 3807; x_wconf 82' lang='lat' dir='ltr'>una</span> <span class='ocrx_word' id='word_1_270' title='bbox 795 3760 947 3823; x_wconf 82' lang='lat' dir='ltr'>simplexque</span> <span class='ocrx_word' id='word_1_271' title='bbox 958 3777 1024 3808; x_wconf 90' lang='lat' dir='ltr'>nunc</span> <span class='ocrx_word' id='word_1_272' title='bbox 1038 3760 1131 3816; x_wconf 83' lang='lat' dir='ltr'>clades,</span> <span class='ocrx_word' id='word_1_273' title='bbox 1144 3773 1197 3820; x_wconf 86' lang='lat' dir='ltr'>quae</span> <span class='ocrx_word' id='word_1_274' title='bbox 1210 3757 1243 3804; x_wconf 82' lang='lat' dir='ltr'>ad</span> 
     </span>
     <span class='ocr_line' id='line_1_35' title="bbox 183 3835 1243 3901; baseline 0.001 -20"><span class='ocrx_word' id='word_1_275' title='bbox 183 3835 215 3882; x_wconf 82' lang='lat' dir='ltr'>ad</span> <span class='ocrx_word' id='word_1_276' title='bbox 225 3847 304 3882; x_wconf 90' lang='lat' dir='ltr'>totum</span> <span class='ocrx_word' id='word_1_277' title='bbox 316 3838 461 3897; x_wconf 82' lang='lat' dir='ltr'>exercitum,</span> <span class='ocrx_word' id='word_1_278' title='bbox 473 3837 530 3884; x_wconf 88' lang='lat' dir='ltr'>binc</span> <span class='ocrx_word' id='word_1_279' title='bbox 542 3838 635 3901; x_wconf 78' lang='lat' dir='ltr'>colligit</span> <span class='ocrx_word' id='word_1_280' title='bbox 645 3837 691 3885; x_wconf 83' lang='lat' dir='ltr'>Al-</span> <span class='ocrx_word' id='word_1_281' title='bbox 734 3839 814 3896; x_wconf 83' lang='lat' dir='ltr'>illam,</span> <span class='ocrx_word' id='word_1_282' title='bbox 830 3839 859 3886; x_wconf 86' lang='lat' dir='ltr'>ad</span> <span class='ocrx_word' id='word_1_283' title='bbox 870 3840 1037 3888; x_wconf 79' lang='lat' dir='ltr'>Trasimenum</span> <span class='ocrx_word' id='word_1_284' title='bbox 1049 3848 1189 3900; x_wconf 81' lang='lat' dir='ltr'>acceptam,</span> <span class='ocrx_word' id='word_1_285' title='bbox 1202 3853 1243 3882; x_wconf 86' lang='lat' dir='ltr'>ac-</span> 
     </span>
     <span class='ocr_line' id='line_1_36' title="bbox 185 3911 1243 3983; baseline 0 -23"><span class='ocrx_word' id='word_1_286' title='bbox 185 3912 230 3960; x_wconf 89' lang='lat' dir='ltr'>dus</span> <span class='ocrx_word' id='word_1_287' title='bbox 243 3911 310 3960; x_wconf 85' lang='lat' dir='ltr'>Man.</span> <span class='ocrx_word' id='word_1_288' title='bbox 319 3914 362 3961; x_wconf 89' lang='lat' dir='ltr'>lib.</span> <span class='ocrx_word' id='word_1_289' title='bbox 371 3917 420 3973; x_wconf 86' lang='lat'>111,</span> <span class='ocrx_word' id='word_1_290' title='bbox 432 3916 462 3963; x_wconf 89' lang='lat' dir='ltr'>de</span> <span class='ocrx_word' id='word_1_291' title='bbox 474 3918 555 3978; x_wconf 82' lang='lat' dir='ltr'>Quaes.</span> <span class='ocrx_word' id='word_1_292' title='bbox 565 3933 609 3981; x_wconf 88' lang='lat' dir='ltr'>per</span> <span class='ocrx_word' id='word_1_293' title='bbox 619 3933 657 3980; x_wconf 89' lang='lat' dir='ltr'>ep.</span> <span class='ocrx_word' id='word_1_294' title='bbox 669 3933 691 3976; x_wconf 87' lang='lat'>1,</span> <span class='ocrx_word' id='word_1_295' title='bbox 734 3918 845 3977; x_wconf 86' lang='lat' dir='ltr'>cesserit,</span> <span class='ocrx_word' id='word_1_296' title='bbox 864 3919 908 3964; x_wconf 90' lang='lat' dir='ltr'>sed</span> <span class='ocrx_word' id='word_1_297' title='bbox 925 3920 1050 3983; x_wconf 75' lang='lat' dir='ltr'>multiplex</span> <span class='ocrx_word' id='word_1_298' title='bbox 1071 3916 1167 3971; x_wconf 82' lang='lat' dir='ltr'>clades,</span> <span class='ocrx_word' id='word_1_299' title='bbox 1188 3932 1243 3961; x_wconf 83' lang='lat' dir='ltr'>cum</span> 
     </span>
     <span class='ocr_line' id='line_1_37' title="bbox 184 3993 1244 4053; baseline 0.002 -15"><span class='ocrx_word' id='word_1_300' title='bbox 184 4002 253 4053; x_wconf 83' lang='lat' dir='ltr'>togas</span> <span class='ocrx_word' id='word_1_301' title='bbox 278 3993 459 4042; x_wconf 83' lang='lat' dir='ltr'>honestioribus</span> <span class='ocrx_word' id='word_1_302' title='bbox 482 4007 574 4043; x_wconf 83' lang='lat' dir='ltr'>tantum</span> <span class='ocrx_word' id='word_1_303' title='bbox 596 3997 622 4042; x_wconf 91' lang='lat' dir='ltr'>in</span> <span class='ocrx_word' id='word_1_304' title='bbox 645 4011 690 4042; x_wconf 91' lang='lat' dir='ltr'>usu</span> <span class='ocrx_word' id='word_1_305' title='bbox 735 3997 1244 4047; x_wconf 79' lang='lat' dir='ltr'>duobusconsulibusdroconsularcsexer-</span> 
     </span>
     <span class='ocr_line' id='line_1_38' title="bbox 181 4069 959 4136; baseline 0.008 -17"><span class='ocrx_word' id='word_1_306' title='bbox 181 4069 268 4130; x_wconf 76' lang='lat' dir='ltr'>fuisse,</span> <span class='ocrx_word' id='word_1_307' title='bbox 280 4082 339 4134; x_wconf 81' lang='lat' dir='ltr'>putu</span> <span class='ocrx_word' id='word_1_308' title='bbox 352 4073 486 4136; x_wconf 87' lang='lat' dir='ltr'>equitibus,</span> <span class='ocrx_word' id='word_1_309' title='bbox 496 4073 693 4134; x_wconf 76' lang='lat' dir='ltr'>centurionibus,</span> <span class='ocrx_word' id='word_1_310' title='bbox 734 4074 795 4123; x_wconf 82' lang='lat' dir='ltr'>citus</span> <span class='ocrx_word' id='word_1_311' title='bbox 806 4075 900 4136; x_wconf 85' lang='lat' dir='ltr'>amissi,</span> <span class='ocrx_word' id='word_1_312' title='bbox 914 4087 959 4125; x_wconf 86' lang='lat' dir='ltr'>etc.</span> 
     </span>
    </p>
   </div>
   <div class='ocr_carea' id='block_1_5' title="bbox 0 0 1397 4568">
    <p class='ocr_par' dir='ltr' id='par_1_9' title="bbox 0 0 1397 4568">
     <span class='ocr_line' id='line_1_39' title="bbox 0 0 1397 4568; baseline 0 0"><span class='ocrx_word' id='word_1_313' title='bbox 0 0 1397 4568; x_wconf 95' lang='lat' dir='ltr'> </span> 
     </span>
    </p>
   </div>
  </div>
 </body>
</html>
